3114 4810
692 207 732 271 5⁷

97 383 212 464 αἰδοίη
235 385 412 468 παρθένος
432 377 587 465 >Αστυόχη
610 377 630 465 ἡ
653 385 715 444 τού
730 376 897 466 Ἄκτορος,
920 385 976 444 καὶ
999 377 1019 466 ηι
1042 379 1125 464 καλε)
1142 380 1322 467 Πολυμήλη

95 487 116 574 ι)
140 494 201 554 τοῦ
226 487 459 571 Φύλαντοςί),
491 483 640 562 ἀπόντος
671 488 707 551 δὲ
730 489 791 551 τοῦ
811 482 992 561 Ὀδυσσέως
1019 489 1076 550 καί
1099 483 1118 572 ἦ
1143 485 1323 573 Πηνελόπη

95 601 135 661 ἐν
158 600 206 679 τῷ
230 591 373 679 ύπεριόιρ
398 591 438 659 ού
459 592 567 674 μόνον
589 593 754 658 καθεύδει
776 592 863 673 μετοὶ
890 598 958 657 τῶν
980 587 1190 676 ἀμφιπόλων
1212 615 1323 675 γυναι-

96 708 213 784 κῶνῖ),
238 697 325 766 ἀλλὰ
348 704 403 766 καὶ
425 697 612 784 ύφαίνειῖ).
657 701 757 764 Δοκεῖ
779 701 816 763 δέ
838 721 899 780 μοι
921 698 960 764 τὸ
992 695 1149 784 ύτττρηῖον
1178 695 1323 786 ἀκριβῶς

98 812 155 874 ἐπί
180 813 219 900 τῇ
243 813 337 898 στέγῃ
369 813 425 891 τῆς
454 807 725 889 γυναικωνίτιδος
754 811 916 888 κεῖσθαι,
948 801 1036 870 ὥστε
1058 803 1239 892 ἀμφότερα
1262 813 1324 886 μὲν

98 915 179 982 ὅλον
203 916 314 999 διῆρες
337 914 459 999 νίκημα
483 910 675 995 ἀποτελεῖν,
698 912 736 976 τό
754 909 825 977 ἀνω
848 905 926 977 ἴσον
940 916 987 997 τῷ
1010 913 1101 978 κάτω
1125 916 1213 995 δ’χον,
1237 910 1322 978 αύτὸ

100 1021 189 1088 δὲτὸ
206 1018 365 1108 ύπερηῖον
388 1025 532 1106 μουῆρες
547 1023 606 1084 καί
628 1023 797 1105 μετέωρον
813 1019 974 1106 πολὺτῆς
998 1025 1107 1103 στέγης
1124 1025 1323 1106 προέχεινί).

100 1126 156 1194 ’Ἐν
180 1152 215 1210 γε
246 1128 312 1213 μὴν
344 1133 390 1209 τῷ
413 1126 574 1208 Πριάμου
598 1123 793 1212 διακτόρῳ,
825 1123 935 1212 ῶςπερ
966 1128 1002 1190 δν
1029 1135 1101 1202 τοῖς
1124 1129 1324 1212 ἔμπροσθεν

99 1235 233 1321 εῖρηκοι,
268 1231 343 1300 ἀντὶ
365 1234 523 1298 τοιούτου
552 1230 710 1319 ύπερρίον
741 1222 829 1319 ἦσαν
858 1232 1016 1312 δοίλαμοι
1046 1234 1103 1297 ἐπὶ
1130 1237 1189 1319 τῆς
1212 1241 1324 1318 στέγης

100 1343 159 1427 τῆς
183 1338 422 1428 ἀνδρωνίτιδος
446 1336 711 1427 ἀκοδομημένοι,
734 1339 770 1403 ἐν
794 1332 844 1414 οἷς
861 1339 893 1403 οἱ
915 1345 977 1404 τού
1000 1340 1165 1422 βασιλέως
1179 1341 1324 1425 γαμβροὶ

98 1448 188 1530 μετὰ
210 1454 278 1513 τῶν
300 1451 453 1532 γαμετῶν
482 1451 648 1529 γυναικοῖν
678 1452 871 1526 ἐκοιμῶντο.
920 1450 983 1512 Καὶ
1015 1440 1108 1522 ὅπως
1137 1451 1200 1526 μὲν
1227 1448 1324 1510 ῖνδον

102 1557 303 1637 διετέτακτο,
328 1551 422 1620 ούδὲν
452 1553 569 1634 ἴσμεν·
601 1552 757 1633 σιγαλόεν
788 1549 821 1616 δ’
847 1549 962 1628 ἅπλῶς
991 1549 1058 1618 ύπὸ
1090 1557 1151 1618 τού
1180 1551 1325 1638 ποιητοῦ

104 1661 352 1741 ἐπονομάζεται
399 1660 457 1725 διά
495 1660 535 1725 τό
575 1659 777 1740 ποικίλμασι
813 1650 835 1744 ἢ
872 1667 1020 1744 γραφαῖς
1065 1659 1143 1736 τοῖς
1188 1663 1322 1742 τοίχους
1357 1726 1358 1730 ,

105 1773 384 1851 κεκοσμῆσθαιῖ).

479 1926 610 1996 Θύλαμος
629 1924 719 1980 ὅπλων
737 1927 784 1978 καὶ
803 1925 950 1998 θησαυρός.

192 2053 294 2118 Μετὰ
320 2053 355 2115 δὲ
378 2051 438 2136 τὴν
460 2059 691 2134 γυναικωνῖτιν
722 2049 780 2114 δύο
806 2045 920 2130 ὅμοιοι
949 2049 1104 2136 ἀλλήλοις
1126 2055 1186 2135 τήν
1207 2052 1326 2136 χρῆσιν

102 2160 263 2240 θάλαμοι
286 2167 432 2238 κεῖνται,
457 2157 475 2220 ό
499 2161 565 2224 τῶν
590 2155 704 2223 ὅπλων
727 2161 784 2222 καί
806 2157 845 2222 τὸ
874 2165 1030 2237 ταμιεῖον
1053 2148 1072 2242 ἢ
1097 2152 1115 2220 ὅ
1139 2156 1325 2241 θησαυρός,

104 2267 205 2350 οἵπερ
230 2267 286 2326 καί
309 2262 347 2326 τὰ
372 2267 478 2349 πέρας
508 2269 565 2348 τῆς
597 2260 674 2349 ὅλης
699 2263 805 2340 οἰκίας
830 2259 1052 2328 ἀποτελοῦσι·
1084 2262 1269 2328 καλοῦνται
1293 2259 1326 2326 δ’

106 2367 226 2444 ἁπλῶς
249 2369 453 2454 δοίλαμοιθ).
498 2373 563 2436 Καὶ
598 2367 652 2436 ότι
682 2375 745 2452 μὲν
772 2367 876 2448 εὐθὺς
902 2370 990 2452 μετὰ
1013 2369 1072 2456 την
1095 2376 1326 2450 γυναικωνῖτιν

103 2485 252 2557 κεῖνται,
290 2478 327 2550 ἐξ
356 2465 393 2561 ἧς
423 2476 515 2564 θύρα
546 2479 593 2552 εὶς
625 2475 747 2553 αύτούς
779 2476 869 2562 ἀγει,
901 2483 1121 2564 τεκμαίρομαι
1151 2478 1186 2542 ἐκ
1209 2477 1324 2542 τῶνδε.

103 2576 250 2666 Προῖτον
263 2588 324 2665 μὲν
345 2583 408 2668 γὰρ
432 2589 638 2664 κομίσαντος
660 2591 720 2650 τοῦ
735 2588 948 2662 Μελανθέως
971 2585 1029 2650 διὰ
1052 2587 1109 2670 τῆς
1133 2580 1327 2669 όρσοθύρας

102 2686 193 2754 ὅπλα
217 2698 289 2766 τοῖς
311 2697 518 2776 μνηστῆρσιν
549 2695 597 2766 είς
628 2692 689 2778 τὴν
721 2689 939 2779 ἀνδρωνῖτιν,
966 2689 1140 2766 Ὀδυσσεύς
1171 2690 1238 2776 πρὸ
1268 2696 1326 2776 τῆς

100 2795 213 2882 θύρας
235 2795 341 2874 εστῶς
363 2801 419 2862 καὶ
443 2793 584 2880 ἀγνοῶν,
608 2793 701 2874 ὅστις
725 2797 814 2864 αύτά
838 2801 984 2881 ἐκόμισε,
1009 2802 1091 2883 φησί

316 2951 469 3030 Τηλέμαχ’,
490 2950 506 3024 ἦ
524 2955 602 3026 μύλα
622 2959 657 3027 δη’
673 2978 712 3020 τις
731 2960 771 3014 ἐνί
788 2956 934 3034 μεγάροισι
952 2958 1095 3030 γυναικοῖν

315 3045 382 3100 νῶιν
400 3044 541 3116 ἐποτρύνει
558 3046 680 3122 πόλεμον
698 3045 785 3104 κακόν
792 3050 825 3118 ⁷).

101 3185 209 3272 Εἴπερ
233 3210 293 3252 ουν
325 3183 344 3252 ό
376 3187 557 3270 θάλαμος,
592 3196 639 3268 είς
671 3188 711 3257 όν
743 3191 810 3278 πρὸ
844 3197 905 3256 τοῦ
929 3189 1038 3275 φόνου
1063 3187 1239 3266 Ὀδυσσεύς
1269 3191 1325 3254 καί

107 3293 298 3378 Τηλέμαχος
321 3297 365 3359 τὰ
389 3292 481 3360 ὅπλα
504 3297 739 3378 ἓκεκομίκεσαν
749 3305 793 3380 ⁸),
824 3297 869 3384 μὴ
893 3297 979 3380 μετὰ
1002 3296 1062 3382 τὴν
1092 3305 1324 3380 γυναικωνῖτιν

81 3401 210 3464 Ιἔκειτο
242 3405 298 3464 καὶ
329 3402 385 3465 διδ
418 3401 531 3484 θύρας
569 3399 656 3492 αύτῇ
686 3403 871 3486 ἐκοινιόνει,
910 3399 1066 3489 εύδηλυυ,
1106 3401 1149 3478 ῶς
1190 3401 1250 3469 ούκ
1282 3397 1325 3470 ἀν

104 3501 284 3580 Ὀδυσσεύς
306 3507 368 3582 τὰς
391 3519 550 3588 γυναῖκας
573 3507 783 3590 ύπιόπτευεν,
816 3505 857 3586 ἀς
888 3511 956 3594 πρὸ
988 3515 1048 3575 τοτ’
1078 3511 1187 3595 φόνου
1219 3513 1253 3576 ὲν
1284 3513 1326 3604 τῇ

102 3613 352 3694 γυναικωνίτιδι
388 3615 607 3682 κατέκλεισαν
638 3621 696 3681 καί
731 3615 807 3698 μετ’
847 3613 953 3683 αύτὸν
988 3617 1091 3683 πόλιν
1120 3617 1324 3704 δξήγαγονθ).

192 3811 218 3877 1)
236 3803 278 3862 Ἱλ.
299 3811 330 3859 Β.
351 3813 413 3863 514.
435 3814 468 3863 Π.
484 3817 544 3867 184.
599 3815 626 3882 2)
645 3814 698 3868 Ὀδ.
718 3818 750 3866 Α.
767 3819 882 3869 362--4.
904 3821 934 3869 Β.
955 3819 1016 3870 356.
1038 3819 1067 3868 Δ.
1089 3818 1203 3868 787-8.
1224 3818 1257 3868 Π.
1272 3817 1324 3868 449

100 3902 181 3950 -51·
204 3903 232 3950 'r-
252 3901 304 3952 60⁰
322 3899 369 3950 καὶ
387 3897 455 3964 ἑξῆς.
523 3905 550 3970 3)
572 3903 623 3957 υο.
644 3908 674 3956 0.
695 3907 811 3958 τευ-ι.
836 3912 902 3976 nep.
934 3911 965 3961 ο.
986 3909 1030 3960 οι.
1063 3909 1093 3956 ν.
1116 3909 1177 3956 139.
1203 3905 1239 3956 εκ.
1262 3905 1323 3956 ιεε.

99 3989 128 4054 4)
149 3982 198 4059 ὅρα
217 3989 368 4054 Winokler,
392 3990 437 4040 die
455 3989 577 4045 Wohnh.
602 3994 629 4047 d.
650 3995 734 4059 Heu„
758 3994 811 4048 σελ.
834 3998 879 4046 56.
935 3997 962 4062 b)
987 3994 1037 4046 Ὀδ,
1064 3998 1098 4046 Π.
1123 3996 1183 4044 449.
1208 3996 1243 4043 Σ.
1264 3995 1324 4044 206.

102 4081 130 4128 Τ.
151 4079 213 4130 600.
233 4081 271 4132 Χ.
291 4079 352 4130 428.
391 4077 483 4132 Schol.
503 4080 598 4133 Ambr.
619 4083 662 4134 ed.
682 4085 783 4134 Buttm.
807 4084 838 4134 ἐν
855 4082 908 4138 Ὀδ,
929 4087 963 4135 Π.
984 4086 1046 4136 449.
1067 4083 1122 4137 σελ.
1143 4084 1204 4134 475.
1229 4083 1322 4153 Ἦσυγ.

99 4166 131 4220 ἐν
151 4163 188 4235 τῷ
206 4167 286 4234 δνομ.
306 4164 446 4236 οιγαλόεν.
473 4163 525 4239 ὅρα
544 4170 590 4220 καὶ
608 4168 753 4242 ἐπιμέτρει
771 4188 836 4239 σημ.
860 4175 881 4224 ε’.
957 4175 983 4239 6)
1001 4170 1053 4224 Ὀδ.
1079 4176 1115 4223 Χ.
1137 4175 1187 4223 143
1206 4178 1270 4238 πρβ.
1292 4173 1322 4225 Τ.

102 4258 135 4306 17
155 4255 202 4306 καί
221 4257 255 4306 Φ.
275 4259 320 4310 42.
390 4256 415 4324 7)
435 4255 491 4310 Ὀδ.
516 4259 555 4309 X.
577 4261 692 4312 lbi—2.
758 4262 786 4329 8)
804 4259 856 4312 Ὀδ.
882 4263 914 4312 Π.
935 4263 1050 4314 284-5.
1078 4265 1105 4312 Τ.
1125 4264 1204 4324 4-5,
1228 4263 1260 4314 17
1279 4259 1325 4311 καί

101 4347 199 4398 31-4.
220 4349 283 4416 πρβ.
301 4349 339 4396 Χ.
362 4350 495 4400 139-41.
563 4347 590 4415 9)
609 4345 659 4400 Ὀδ.
681 4351 718 4402 Φ.
740 4351 855 4401 381-7.
877 4355 942 4418 πρβ.
967 4354 1004 4402 Χ.
1026 4353 1088 4414 394,
1110 4353 1170 4417 399,
1189 4354 1321 4404 433-47.
