3114 4810
672 262 712 324 61

80 463 197 519 μηται·
224 435 298 523 ἡδὲ
315 438 413 501 ἐλαία
429 435 524 511 ἐντός
538 437 602 500 τοῦ
623 435 740 518 δρκους
756 426 806 519 ἢν.
852 434 1013 519 Μονήρης
1037 429 1105 518 άρα
1130 439 1185 498 καὶ
1202 429 1306 509 αῦτός
1351 497 1355 504 ,

77 548 170 612 ἐστιν
178 596 189 628 ,
224 542 340 628 οἵσπερ
365 541 385 608 ό
408 549 470 607 τοῦ
495 542 710 626 Τηλεμάχου,
742 538 778 616 ὃς
801 547 837 604 ἐν
867 546 907 632 τῇ
938 536 1021 632 αὐλῇ
1052 543 1168 604 ἐ’κειτο.
1212 536 1306 604 Ἀλλδι

80 659 148 718 ποῦ
173 651 214 737 δὴ
239 656 301 716 τοῦ
331 651 449 734 ἕρκους
472 647 492 734 ἦ
515 649 613 713 ἐλαία
646 653 703 712 καὶ
727 647 747 712 δ
771 650 848 732 περί
882 642 987 732 αῦτην
1009 642 1153 733 ὕστερον
1178 649 1306 712 οἰκοδο·
1363 703 1366 714 .

80 761 205 843 μηδείς
230 756 393 836 θάλαμος
415 746 473 841 ἧος
497 753 589 829 Ἴσως
621 753 664 819 άν
687 779 738 830 τις
767 755 860 818 ε’ίποι
882 759 923 843 τῇ
946 753 1042 836 ἐλαίην
1065 753 1234 838 χριόμενος
1256 777 1307 818 τε·

80 869 220 950 κμηρίῳ,
246 861 292 938 τίς
314 870 351 928 ἐν
373 871 423 946 τῷ
447 860 596 928 ὄπισθεν
619 867 677 946 τῆς
701 865 809 934 οἰκίας
831 860 928 945 χοίρῳ
952 860 1079 944 ἵδρυτο,
1103 862 1192 926 ἔνθα
1208 865 1264 924 καὶ
1288 857 1308 924 δ

78 977 184 1055 κῆπος
207 960 250 1056 ἦν
275 965 292 1032 ὅ
316 970 375 1054 τὴν
398 970 520 1034 ἐλαίαν
544 968 606 1032 σῦν
630 965 743 1044 ἄλλοις
767 967 916 1054 δένδρεσι
939 972 1119 1054 περιέχων·
1152 967 1307 1030 ἐνταῦθα

77 1079 137 1164 γάρ
162 1081 226 1140 καὶ
250 1077 285 1138 ἐν
308 1085 381 1152 τοῖς
404 1072 548 1162 ὕστερον
569 1074 705 1158 χρόνοις
728 1074 760 1138 οἱ
774 1081 843 1138 τοῖν
868 1079 982 1138 οίκιῷν
1005 1080 1109 1160 κῆποι
1132 1085 1307 1140 κατεσκευ-

79 1189 228 1264 ασμένοι
267 1170 353 1266 ἦσαν
364 1188 403 1268 1).
450 1185 514 1247 Καὶ
554 1187 665 1246 ταῦτα
703 1185 765 1264 μὲν
803 1180 884 1256 ’ίοως
923 1176 981 1244 οῦκ
1013 1176 1192 1261 άπίδανα,
1228 1179 1309 1256 είτις

78 1291 234 1372 μάλιστα
257 1290 423 1371 βούλεται
452 1289 512 1352 τὸν
543 1293 601 1373 της
631 1287 829 1372 Πηνελόπης
859 1287 1104 1370 πολυδένδρεον
1135 1289 1243 1372 κῆποί)
1273 1291 1310 1350 ἐν

83 1399 191 1482 τοότῷ
219 1399 268 1480 τῷ
292 1395 385 1479 τόπῷ
409 1399 578 1475 τιθέναιῖ)
613 1398 669 1458 καλ
699 1394 743 1477 μη
776 1391 889 1478 δι’σπερ
919 1393 978 1457 τὸν
999 1390 1142 1458 Ἀλκίνου
1166 1395 1225 1468 ἔξω
1247 1394 1310 1456 τοῦ

84 1505 250 1590 δρκουςῧ).
295 1499 558 1586 Ἀσφαλέστερον
588 1505 724 1580 μέντοι,
755 1498 799 1573 οῖς
822 1503 933 1582 ἔμοιγε
958 1502 1065 1580 δοκεῖ,
1088 1498 1108 1584 η
1129 1499 1223 1585 χοίρα
1247 1504 1310 1564 τοῦ

88 1611 249 1692 θαλάμου
272 1609 395 1674 τοῦτον
428 1611 597 1674 δείκνυται
620 1608 658 1680 ἐξ
681 1594 727 1668 οἷν
760 1608 889 1682 ἐντοῖς
919 1609 1120 1691 ἔμπροσθεν
1144 1609 1221 1690 περὶ
1244 1607 1312 1670 τῦυ

88 1717 126 1780 δν
141 1721 189 1800 τῷ
210 1721 303 1800 μυχῷ
326 1721 388 1780 τοῦ
405 1715 512 1796 δόμου
536 1719 696 1794 κειμένων
712 1713 881 1792 θαλάμων
897 1719 965 1778 τῷν
987 1710 1097 1778 ἄλλων
1114 1709 1310 1799 άνακτόρων

88 1822 214 1908 είρηκα.
258 1819 428 1906 ’Διάλογος
457 1822 519 1906 γάρ
551 1825 609 1884 καὶ
633 1815 651 1884 ὁ
675 1824 735 1882 τοῦ
756 1815 937 1896 Ὀδυσσέως
968 1821 1108 1896 ἐκείνοις
1138 1815 1185 1884 (δν
1211 1825 1247 1884 ἐν
1269 1820 1311 1909 τῇ

89 1925 177 2020 αὐτῇ
197 1929 302 2014 χάρᾳ,
325 1931 432 2012 ἐντῷ
453 1929 561 2010 μυχῷ,
585 1925 724 2000 πάντως
749 1921 970 2012 ῷκοδόμηται.

566 2083 672 2157 Μνχός.
697 2081 833 2158 σταθμός.

179 2210 302 2290 Μοχδς
318 2211 353 2272 δὲ
369 2209 476 2288 δόμου
493 2209 592 2290 ἐστίν,
617 2205 726 2293 δι’ςπερ
750 2216 947 2296 προείρηκα,
972 2207 990 2274 ό
1015 2211 1101 2288 μετὰ
1124 2211 1184 2294 την
1200 2214 1312 2273 οἰκίαν

91 2313 257 2389 όπίσθιος
279 2319 341 2378 τοῦ
371 2315 485 2399 ἕρκους
506 2319 614 2400 χοῖρος
639 2313 891 2397 α’ντιτιδέμενος
914 2320 962 2399 τῷ
985 2320 1164 2401 προσδίῷ,
1191 2313 1228 2390 ῦς
1250 2315 1329 2406 τὴνΙ

89 2417 197 2506 αῦλην
213 2421 416 2506 καλουμένην
439 2427 553 2485 ἐποίει.
592 2427 698 2488 Δοκεῖ
712 2423 747 2486 δέ
769 2447 830 2503 μοι
853 2428 909 2488 καὶ
925 2423 986 2488 τὸν
1001 2423 1152 2503 ἱππῶνά,
1168 2425 1256 2486 ἔνθα
1273 2421 1311 2486 αλ

89 2528 222 2610 φάτναι
238 2518 334 2612 η’σαν,
352 2521 502 2592 ὄπισθεν
516 2533 579 2592 τοῦ
592 2525 774 2606 Ὀδυσσέως
789 2531 954 2609 θαλάμου
970 2529 1058 2594 κατά
1074 2529 1113 2594 τό
1128 2533 1234 2612 πέρας
1249 2533 1311 2592 τοῦ

85 2638 199 2715 μυχοῦ
228 2633 563 2714 κατεσκευάσθαιθ·
604 2639 660 2698 καὶ
692 2636 772 2711 τοῦς
800 2642 902 2722 χηνας
934 2639 969 2700 δὲ
999 2635 1155 2700 ἐνταῦθά
1185 2659 1252 2699 πον
1276 2637 1311 2699 ἕν

87 2765 155 2805 τινι
179 2742 313 2824 οἰκίσκῳ
341 2743 588 2824 τρέφεσθαιῦ),
622 2747 657 2806 οἳ
677 2743 855 2834 Πηνελόπη
886 2752 922 2807 ἐν
952 2740 1070 2827 όνείρῷ
1095 2744 1218 2815 ἔδοξαν
1241 2738 1309 2806 ῦπδ

87 2852 150 2911 τοῦ
175 2842 278 2910 άετοῦ
309 2845 388 2919 τοῦς
420 2843 564 2927 αὐχένας
596 2845 850 2934 άποτμηθηναι.
886 2847 1017 2936 Ἕτεροί
1046 2873 1080 2931 γε
1111 2854 1228 2928 μέντοι
1250 2847 1311 2912 τδν

85 2952 251 3032 σταθμόν
276 2953 312 3016 ἐν
332 2956 372 3044 τῇ
397 2949 483 3044 αδλῇ
506 2953 609 3030 ἐνθῦς
625 2959 713 3021 κατά
736 2956 774 3020 τὸ
799 2958 897 3021 δ’νδον
912 2962 975 3020 τοῦ
998 2961 1172 3043 προσδίου
1195 2960 1310 3037 τοίχου

85 3063 148 3122 καλ
178 3058 246 3142 πρό
279 3064 337 3142 τῆς
370 3063 537 3146 αἰθούσης
568 3068 708 3127 κεῖσθαι
743 3062 945 3145 βούλονται,
987 3058 1044 3128 οῦκ
1076 3060 1194 3149 άρδῶς
1224 3059 1310 3146 ,δι’ςγε

87 3169 163 3244 ἐμοὶ
188 3172 395 3248 φαίνεταιῦ).
428 3169 572 3252 Προῖτον
593 3173 655 3249 μὲν
678 3169 739 3256 γάρ
772 3167 971 3251 οὐδαμόθεν
1000 3173 1102 3234 τοῦτο
1128 3168 1310 3242 άποδεῖξοιι

87 3271 269 3335 δῦνανται·
301 3269 376 3336 εἶτα
407 3280 467 3336 τοῦ
496 3278 607 3354 μυχοῦ
629 3274 860 3362 ῦπάρχοντος,
893 3272 1024 3342 άτοπον
1046 3279 1189 3340 τοιαῦτα
1213 3277 1248 3340 ἐν
1270 3281 1309 3367 τῷ

87 3373 177 3468 αῦλῇ
200 3382 256 3440 καὶ
279 3377 429 3456 μάλιστα
454 3379 540 3442 κατά
565 3381 604 3444 τό
629 3381 821 3466 πρόθυρον,
846 3379 936 3446 ὅπου
958 3382 1113 3466 συνήθως
1137 3384 1310 3468 διέτριβον,

88 3483 295 3562 οἰκοδομεῖν.
342 3485 434 3571 Πρὸς
458 3487 493 3550 δὲ
516 3485 650 3561 τούτοις
672 3487 790 3570 πολλῷ
811 3493 1015 3574 βραχυτέρας
1040 3484 1141 3573 οῦσης
1169 3491 1227 3576 τῆς
1249 3493 1311 3554 τοῦ

86 3592 195 3669 μυχοῦ
225 3585 449 3667 άποστάσεως
481 3589 552 3656 α’πδ
584 3599 647 3657 τοῦ
676 3591 851 3680 ῦπερῷου,
882 3591 966 3660 ὅθεν
996 3619 1060 3682 περ
1091 3603 1219 3661 ἐννοεῖν
1250 3599 1310 3676 δεῖ,

87 3693 145 3759 ὅτι
168 3689 187 3776 ᾗ
212 3693 394 3780 Πηνελόπη
417 3704 453 3760 ἐν
474 3702 522 3781 τῷ
546 3695 664 3787 ὀνείρῳ
689 3695 757 3764 εἶδε
781 3701 839 3766 διά
863 3725 955 3777 τινος
969 3705 1036 3768 τάν
1060 3705 1211 3787 θυρίδων
1232 3702 1311 3778 τοῦς

83 3803 191 3885 χῆνας
221 3805 366 3864 τοιαῦτα
399 3808 635 3887 παθόνταςῚ),
673 3806 762 3882 είκδς
798 3807 859 3872 τδυ
890 3809 1050 3891 σταθμὸν
1079 3812 1114 3873 ἐν
1143 3816 1191 3891 τῷ
1217 3811 1312 3893 μυχῷ

87 3911 235 3971 τιθέναι.

181 4121 206 4187 1)
226 4123 378 4186 Winekler,
399 4124 455 4177 οελ.
477 4129 535 4178 140.
611 4128 638 4192 2)
654 4123 708 4182 Ὀδ.
729 4132 759 4182 Δ.
779 4132 839 4182 737.
868 4133 941 4194 Birt,
966 4130 1064 4182 (λείου.
1090 4131 1116 4182 d.
1144 4130 1233 4182 Bauk.
1252 4129 1308 4182 σελ.

87 4212 152 4262 215.
191 4209 334 4264 Winckler
354 4213 409 4268 οελ.
430 4216 475 4268 57.
543 4216 572 4282 3)
586 4211 641 4268 Ὀδ.
657 4222 689 4269 Η.
711 4221 760 4270 112
780 4237 811 4278 κ,
827 4215 896 4284 ἑξῆς.
964 4214 1052 4285 4)’ίλ.
1073 4220 1105 4272 Θ.
1125 4214 1308 4274 434.’οδ.ιί.

87 4300 207 4350 ,39-41.
264 4300 291 4367 ὃ)
309 4297 360 4354 Ὁδ.
383 4307 414 4355 Τ.
433 4306 496 4358 536.
553 4305 580 4371 6)
600 4306 673 4370 Hirt,
692 4305 725 4358 G.
746 4308 771 4358 d.
792 4308 881 4361 Bauk.
902 4307 959 4360 οελ.
981 4309 1040 4360 120.
1077 4309 1187 4375 Rumpf,
1211 4313 1234 4360 1.
1253 4307 1308 4362 οελ.

92 4391 135 4438 19.
171 4387 340 4457 Friedreich,
360 4393 438 4446 Real.
458 4391 514 4448 οελ.
534 4396 596 4446 302.
635 4395 664 4459 ⁷)
682 4390 733 4464 ὅρα
752 4397 818 4448 Fani
838 4395 965 4464 [Kayser]
986 4396 1016 4450 ἐν
1032 4391 1084 4450 vd.
1106 4401 1137 4452 Τ.
1157 4402 1227 4470 οτίχ.
1246 4402 1309 4452 540.
