3114 4810
797 218 838 282 22

206 383 269 458 τάς
292 385 448 464 εἰσόδους
471 384 515 453 άν
538 385 764 474 α’πέῳρασσεν
785 381 805 475 ἢ
828 395 901 466 πώς
917 389 961 456 άν
985 389 1059 458 οἶόν
1082 397 1109 460 τ’
1131 393 1171 484 ἦν
1194 402 1302 466 εἰκοσι
1317 403 1430 487 μακρὰ

207 491 337 574 δόρατα
361 493 523 560 ἐνταῦθα·
546 496 694 578 ίστάναι,
725 497 884 582 καθάπερ
915 497 1043 578 λέγεται
1074 499 1125 566 ὅτι
1156 513 1306 572 τοσαῦτα
1330 514 1365 572 ἐν
1385 509 1434 598 τῇ

204 601 268 662 τοῦ
287 595 482 681 Ἰδομενέως
512 601 619 692 κλισίῃ
651 602 737 687 πρὸς
765 603 808 666 τά
838 602 966 667 ἐνώπια
996 605 1141 671 ἐκέκλιτο
1152 614 1197 695 1);
1229 616 1296 678 Διὰ
1318 618 1430 678 ταῦτα

204 711 317 771 τοίνυν
350 703 391 772 ού
419 707 526 789 μόνον
563 709 651 792 πρὸς
680 710 724 772 τά
755 710 852 774 ἔνδον
881 715 937 794 της
975 711 1110 777 εἰσόδου
1141 717 1199 800 τῆς
1229 721 1339 802 θόρας
1370 727 1430 805 τῆς

204 807 444 898 άνδρωνίτιδος
467 808 636 877 α’δύνατον
659 815 702 878 τά
726 816 856 880 ἐνώπια
880 813 1056 904 ύπάρχειν,
1081 815 1168 884 άλλά
1192 827 1249 885 καί
1271 825 1360 906 πρὸς
1381 827 1428 890 τά

203 920 299 982 ἔνδον
321 923 377 1002 τῆς
401 915 538 984 αύλείου
560 920 678 1006 θύρας.
717 923 851 997 Πάντες
874 926 911 987 δέ
934 947 1002 990 που
1027 925 1059 989 οί
1079 925 1122 989 τὰ
1142 923 1282 1015 Ὁμήρου
1297 931 1426 1012 ἐξηγού-

201 1029 298 1102 μενοί
322 1046 411 1106 φασι
434 1024 478 1088 τά
508 1026 638 1091 ἐνώπια
661 1031 926 1112 παμφανόωντα
944 1029 1002 1114 ’τῳ
1023 1039 1145 1124 ποιητῇ
1175 1035 1424 1114 ἐπωνομάσθαι

90 1189 95 1200 ,
204 1128 263 1191 διά
286 1129 324 1194 τὸ
350 1132 458 1215 λευκῳ
479 1155 546 1196 τινι
561 1133 743 1216 κονιάματι
765 1134 785 1223 ἢ
807 1137 932 1221 τιτάνῳ
955 1135 1192 1224 α’ληλίφθαιῒ).
1232 1137 1327 1206 Ούτω
1351 1138 1426 1206 δ’άν

202 1230 293 1298 αύτά
309 1236 447 1302 καλοῖτο
464 1237 509 1302 τά
524 1239 668 1328 λαμπρά
684 1246 740 1306 καί
756 1252 828 1318 τοῖς
845 1241 1107 1326 άντιβλέπονσιν
1123 1243 1426 1334 άπαστράπτοντα.

200 1337 355 1424 Ἡσύχιος
399 1349 514 1423 μέντοι
559 1347 747 1434 ἑρμηνεύων
783 1356 916 1434 τοίχους
961 1356 1298 1435 καταφωτιζομένους
1337 1351 1427 1418 αὐτοὶ

201 1449 328 1552 εἴρηκεν
352 1445 558 1540 ἀποβλέψας
581 1456 629 1529 εἰς
651 1456 695 1520 τά
717 1462 846 1544 μέγαρα
870 1457 1023 1523 σκιόεντα
1034 1467 1068 1540 3),
1101 1455 1124 1523 ά
1153 1461 1197 1524 τδι
1222 1461 1346 1525 σύσκια
1369 1463 1428 1525 καί

202 1561 358 1619 σκοτεινά
383 1556 454 1622 κατ’
478 1556 582 1626 αύτόν
607 1569 773 1646 σημαίνει.
812 1570 914 1627 Δοκεῖ
937 1561 967 1626 δ’
990 1565 1070 1638 ἴσως
1094 1561 1184 1649 αύτῷ
1201 1563 1306 1640 ούτως
1322 1563 1427 1650 άμφω

200 1661 364 1746 εἰρῆσθαιΙ
384 1665 441 1729 διά
463 1667 502 1731 τὸ
532 1674 644 1734 ἐκεῖνα
674 1673 737 1746 μὲν
768 1667 856 1730 πολύ
888 1671 969 1750 φώς,
1000 1675 1111 1732 ταῦτα
1144 1673 1180 1734 δὲ
1212 1671 1323 1753 ὀλίγον
1354 1669 1426 1738 άπὸ

198 1769 260 1831 τού
282 1773 337 1853 τῆς
362 1767 464 1856 αὐλῆς
486 1771 662 1858 ύπαίθρου
685 1775 821 1858 ἔχειν’).

481 1944 594 2017 Χόρτος,
617 1944 745 2014 δάπεδον,
767 1949 860 2019 βωμὸς
879 1949 926 2004 τού
944 1951 1045 2017 ἑρκείου
1064 1949 1135 2008 Διός.

284 2085 318 2151 ‘0
340 2093 404 2168 μὲν
426 2094 483 2174 τῆς
508 2085 606 2175 αὐλῆς
637 2093 746 2175 χώρας
773 2093 856 2171 μετὰ
884 2095 945 2156 τού
968 2096 1185 2178 περιέχοντος
1209 2086 1314 2156 αύτόν
1338 2091 1423 2157 πάν-

199 2198 303 2258 τοθεν
325 2195 512 2280 περιβόλου
544 2198 661 2283 χόρτος
692 2199 896 2280 καλεῖταιὸ),
927 2199 965 2264 τὸ
997 2199 1032 2262 δὲ
1063 2199 1193 2282 ἔδαφος
1225 2199 1418 2280 δάπεδονΰ),

201 2297 220 2364 δ’
243 2301 362 2365 τυκτὸν
378 2303 640 2386 ἐπονομάζεται,
666 2303 727 2368 άτε
744 2305 864 2390 λίστρῳ
889 2301 1123 2386 ώμαλισμένον
1143 2305 1231 2389 πρὸς
1247 2304 1422 2388 τὸ-ῥῳδίως

200 2407 236 2471 ἐν
259 2403 352 2492 αύτῷ
374 2411 537 2490 βαδίζειν.
577 2409 630 2472 Ἕν
652 2434 686 2491 γε
717 2411 782 2494 μὴν
811 2413 861 2492 τῳ
883 2415 991 2493 τυκτῷ
1020 2413 1077 2494 τῆς
1106 2405 1205 2492 αύλῆς
1230 2410 1365 2492 δαπέδῳ
1392 2407 1426 2472 οἱ

199 2520 257 2599 τῆς
295 2513 494 2599 Πηνελόπης
531 2519 716 2602 μνηστῆρες
754 2519 944 2601 τέρπεσθαι
982 2515 1156 2578 εἰώθεσαν
1195 2515 1327 2589 δίσκους
1365 2518 1426 2577 καὶ

201 2622 359 2703 αἰγανέας
383 2623 614 2705 βάλλοντες7)
662 2621 748 2687 ὅθεν
771 2625 828 2686 καί
858 2621 918 2706 την
942 2617 1147 2706 εὐρυχωρίαν
1171 2617 1276 2684 αὐτοῦ
1301 2619 1425 2704 ῥᾳδίως

201 2723 245 2792 άν
267 2753 318 2804 τις
341 2730 552 2816 τεκμήραιτο.
588 2725 718 2814 Ἵδρυτο
744 2729 778 2794 δ’
798 2717 834 2793 ἰν
857 2733 904 2812 τῳ
919 2734 1009 2812 μέσῳ
1026 2726 1140 2809 βωμός
1155 2730 1210 2791 Διὶ
1226 2731 1275 2810 τῳ
1297 2727 1424 2811 ἑρκείῳ,

202 2823 229 2917 q}
252 2834 365 2922 ἒῳόρῳ
390 2839 446 2901 καί
463 2837 634 2928 προστάτῃ
650 2841 709 2901 τού
726 2837 817 2901 οἰκον
835 2833 907 2901 όντι
923 2841 1049 2909 θυσίας
1064 2835 1252 2898 ἐποιοῦντο.
1296 2829 1330 2898 Ὁ
1345 2838 1424 2915 γοῦν
1443 2871 1446 2877 -

197 2947 337 3025 Νέστωρ
362 2947 420 3006 καί
440 2939 615 3020 Ὀδυσσεὺς
647 2939 852 3026 άφικόμενοι
883 2945 930 3018 εἰς
953 2943 1002 3006 τοὶ
1027 2944 1089 3006 τού
1110 2942 1268 3027 γέροντος
1288 2941 1425 3023 Πηλέως

197 3049 356 3127 βασίλεια
380 3049 704 3131 καταλαμβάνουσιν
728 3046 832 3114 αύτόν
855 3056 891 3112 ἐν
913 3051 954 3141 τῇ
978 3043 1062 3138 αύλη
1085 3048 1216 3111 θύοντα

664 3231 755 3301 γέρων
774 3223 804 3280 δ’
823 3224 959 3292 ἱππηλάτα
978 3223 1081 3292 Πηλεύς

444 3321 525 3372 πίονα
543 3318 622 3390 μηρί’
641 3315 714 3374 ἔκαιε
733 3314 795 3385 βοὸς
813 3318 856 3370 Διί
874 3311 1073 3390 τερπικεραύνῳ

448 3403 531 3472 αύλῆς
549 3409 579 3460 ἐν
598 3403 702 3477 χόρτῳ·
724 3404 770 3477 ἔχε
789 3405 818 3459 δὲ
834 3403 965 3479 χρύσειον
984 3401 1092 3456 ἄλεισον

446 3495 571 3550 σπένδων
590 3499 693 3564 αἴθοπα
713 3491 787 3547 οἰνον
807 3487 847 3547 ἐπ’
867 3495 1026 3566 αἰθομένοις
1044 3494 1183 3560 ίεροίσνθ).

270 3723 299 3796 1)
318 3719 359 3780 Ἰλ.
379 3731 414 3778 N.
441 3729 503 3780 261.
530 3733 595 3798 πρβ.
622 3729 689 3779 Lex.
711 3729 793 3780 Hom.
820 3726 939 3791 Ebeling
958 3723 1013 3777 σελ.
1034 3725 1086 3776 426
1106 3723 1136 3775 ἐν
1154 3724 1222 3785 λέξει
1240 3717 1350 3776 ἐνώπια.
1389 3723 1434 3774 Α.·

198 3813 349 3880 winekler,
368 3817 488 3870 Wohnh.
509 3816 535 3867 d.
554 3817 626 3868 Hell.
647 3814 700 3868 σελ.
721 3818 765 3869 26.
857 3814 885 3882 2)
904 3815 974 3865 21ίείἸ
992 3811 1121 3880 [Kayser]
1142 3811 1172 3865 ἐν
1195 3805 1246 3864 Όδ.
1266 3813 1302 3865 Δ.
1323 3815 1357 3862 42
1377 3812 1423 3862 καί

197 3902 293 3954 Αυιείε
313 3903 439 3971 (Ηειιίτο)
460 3897 567 3958 αύτόθι.
643 3905 669 3971 3)
689 3899 741 3959 Ὀδ.
762 3905 794 3956 Α.
816 3903 877 3964 365,
899 3904 928 3953 Δ.
950 3903 1009 3955 768.
1029 3903 1063 3951 Ν.
1084 3905 1109 3952 2.
1182 3901 1210 3966 4)
1228 3895 1320 3971 Ἡσύγ.
1343 3897 1423 3960 ,ἰνώ-

197 3993 275 4043 πια.“
313 3987 363 4062 ὅρα
383 3993 428 4044 καί
447 3993 539 4046 Schol.
560 3994 652 4045 Ambr.
672 3994 714 4044 ed.
734 3995 837 4046 Buttm.
858 3990 888 4044 ἐν
910 3985 963 4042 Ὀιί.
983 3993 1015 4042 Δ.
1035 3993 1079 4044 42,
1101 3989 1157 4044 σελ.
1179 3992 1240 4041 122.
1332 3989 1359 4053 5)
1379 3981 1421 4043 Ίλ.

197 4081 231 4133 Δ.
254 4081 314 4134 114.
341 4083 377 4134 Ω.
398 4085 459 4136 640.
485 4076 538 4154 ὅρα
564 4083 611 4136 καί
628 4079 788 4135 Εὐστάθιον
814 4081 844 4134 ἰν
868 4073 910 4134 Ἷλ.
931 4083 962 4132 Α.
981 4079 1035 4132 σελ.
1055 4082 1116 4144 803,
1135 4081 1179 4130 40.
1218 4076 1349 4148 Κουρτίου
1368 4075 1424 4130 ἐτν-

197 4165 350 4238 γιολογωών
368 4171 425 4224 σελ.
446 4175 507 4224 200.
599 4173 628 4237 6)
646 4164 697 4226 Ὁδ.
718 4174 750 4224 Δ.
771 4173 831 4222 627.
924 4170 950 4235 7)
968 4163 1020 4220 Ὀδ.
1041 4172 1071 4218 Δ.
1094 4168 1210 4222 620-2.
1284 4162 1313 4238 8)
1333 4160 1421 4218 m.

199 4259 314 4310 772-5.
333 4265 398 4330 πρβ.
420 4264 452 4312 Π.
472 4263 533 4312 231.
567 4255 621 4313 Ὀδ.
636 4265 673 4311 Χ.
688 4263 795 4318 334-ῤ
815 4259 861 4310 καί
880 4261 940 4310 310.
972 4253 1095 4310 Εύστάθ.
1109 4255 1139 4308 ἐν
1156 4249 1209 4309 Ὀδ.
1224 4257 1260 4305 Χ.
1274 4255 1329 4308 σελ.
1347 4257 1424 4314 1930,

197 4349 223 4398 2.
262 4339 352 4411 Ἀεηι.
374 4352 399 4412 5,
422 4350 513 4402 189f.
