3114 4810
776 220 818 282 70

340 397 399 464 IV.
447 401 490 460 M
497 401 666 482 έγαρον.

274 507 305 588 1)
328 500 400 568 Ἐπὶ
422 509 480 588 τής
504 501 749 588 άνδρωυίτιδος.
793 493 856 564 Ὀδ.
879 506 915 580 Α,
939 503 1013 565 365.
1037 501 1115 584 πρβ.
1140 521 1169 561 κ.
1198 501 1237 578 A,
1263 501 1337 560 768.
1368 500 1407 574 A,

184 616 234 674 37.
259 617 297 692 z,
321 617 396 676 904.
419 617 465 691 A,
489 616 563 676 994.
587 613 631 690 71,
656 613 731 672 994.
762 612 798 688 P,
823 613 897 672 999.
929 609 966 686 Σ,
991 611 1065 670 337.
1093 609 1131 685 7,
1159 612 1187 684 1,
1213 610 1265 684 99,
1290 608 1343 666 49.
1369 605 1408 682 7,

183 723 234 797 90,
255 724 327 798 117,
345 723 418 782 999.
447 713 489 796 ο,
507 722 560 796 99,
586 721 659 794 173,
685 721 759 778 999.
785 717 826 794 x,
848 719 917 790 190,
938 718 1102 792 197,179.
1129 715 1170 791 40,
1187 717 1241 791 99,
1259 715 1312 789 49,
1329 715 1405 774 909.

272 831 306 906 9)
329 818 402 886 Ἐπὶ
431 828 489 906 τής
519 820 796 902 γυναικωνίτιδος.
838 815 889 884 Ἰλ.
920 825 957 900 Γ,
985 823 1057 882 195.
1089 823 1133 899 Z,
1159 823 1233 882 986.
1264 820 1308 896 X,
1332 821 1408 878 466.

182 935 259 1017 πρβ.
285 937 361 995 440.
382 923 445 992 Ὀδ.
472 935 510 1008 Τ,
535 935 587 992 60.
613 932 651 1008 I‘,
676 935 704 992 6.
737 931 780 1008 Χ,
805 931 880 1006 396,
904 932 979 991 497.
1003 931 1084 1008 πρβ.
1112 919 1174 987 Ὀδ.
1198 927 1238 1004 Δ,
1263 929 1327 987 300
1352 924 1410 985 καὶ

182 1043 226 1119 Η,
250 1042 325 1103 999.
358 1040 398 1114 υ,
424 1041 476 1116 90,
501 1042 554 1099 94.

272 1147 306 1227 3)
328 1137 402 1206 Ἐπὶ
422 1143 484 1205 τοῦ
505 1135 671 1226 ὖπερηίου.
713 1133 778 1222 Ὀδ.
816 1144 865 1220 Β,
892 1144 943 1202 94.
984 1143 1029 1218 Τ,
1057 1142 1129 1201 139.
1169 1142 1249 1219 πρβ.
1282 1137 1340 1197 καὶ
1371 1139 1411 1214 0,

183 1256 326 1314 313-7.
350 1253 386 1329 Σ,
412 1254 486 1329 313,
511 1254 592 1331 πρυ.
618 1252 692 1311 909.

271 1353 430 1438 Σημ.β’.
474 1349 1203 1437 ὈἐνΠάρῳναὸςτήςΘεοτόκοα
1255 1345 1300 1411 Ἥ
1325 1344 1411 1431 αὐλή

182 1465 241 1525 τοῦ
258 1462 300 1524 δν
324 1459 429 1547 Πάρῳ
452 1465 537 1524 ναοῦ
558 1464 615 1544 τής
642 1456 811 1523 Θεοτόκου
835 1453 939 1539 ὁμοία
963 1456 1034 1520 ἐστὶ
1056 1460 1096 1547 τή
1119 1461 1177 1540 τής
1200 1453 1297 1536 άγίας
1316 1449 1409 1518 Λαά-

182 1592 254 1654 ρας,
277 1571 335 1653 τής
358 1568 416 1631 ἐπὶ
438 1571 499 1630 τοῦ
523 1564 620 1652 ὄρους
635 1563 723 1629 ’Άδω
747 1567 867 1649 μονής,
898 1557 978 1626 καθ’
1001 1558 1024 1625 ἃ
1049 1561 1087 1646 δή
1111 1558 1213 1646 αὐτήν
1235 1564 1409 1646 περιέγρα-

184 1686 253 1763 ψεν
276 1671 295 1737 δ
319 1674 375 1738 Fr.
391 1673 446 1738 W.
463 1673 576 1758 Unger
599 1673 636 1735 ἐν
658 1677 706 1754 τῷ
730 1678 760 1736 5.
776 1670 868 1753 τόμηι
893 1669 962 1734 σελ.
985 1675 1049 1733 495
1074 1673 1133 1732 τοῦ
1158 1667 1412 1753 συγγράμματος

183 1778 441 1861 Grieehenland,
496 1777 894 1864 Christlich·gri90hisch9
933 1775 1035 1840 ‘oder'
1070 1775 1237 1861 byzantin.
1291 1775 1428 1839 Kunst,

182 1891 300 1951 Καίτοι
332 1886 367 1949 δὲ
399 1883 420 1948 δ
442 1885 479 1948 ἐν
501 1884 606 1968 Πάρῳ
630 1883 714 1972 ναδς
744 1883 831 1946 κατά
870 1881 930 1967 τήν
960 1880 1153 1968 παράδοσιν
1183 1886 1250 1944 τῶν
1274 1877 1409 1966 α’ρχαιο-

182 1991 293 2056 τάτων
315 1993 425 2072 ἐστίν,
459 1987 549 2072 ὅμως
571 1987 639 2054 δπδ
662 1995 724 2054 τοῦ
747 1992 958 2075 συγγραφέως
982 1983 1140 2070 οὐδεμιᾶς
1162 1991 1281 2068 μνείας
1304 1987 1339 2051 ἐν
1361 1989 1411 2070 τηῖ

182 2101 260 2183 περὶ
299 2102 391 2162 ναῶν
428 2096 604 2181 κεφαλαίῳ
641 2093 790 2182 ήξίωται.
858 2094 952 2180 Πλήν
991 2090 1023 2159 δ’
1055 2090 1166 2159 ἄλλων
1203 2097 1260 2179 τῆς
1297 2093 1410 2158 πάλαι

184 2200 286 2270 αὐτοῦ
308 2204 538 2292 λαμπρότητος
562 2204 619 2268 διὰ
639 2208 792 2290 βραχέων
814 2201 965 2287 ἐμνήσθη
989 2205 1046 2266 καὶ
1069 2197 1088 2265 δ
1111 2205 1297 2287 μακαρίτης
1317 2201 1414 2288 Hopf

183 2318 218 2378 ἐν
241 2313 290 2396 τῷ
315 2320 344 2376 6.
367 2311 459 2395 τόμῳ
483 2312 519 2374 δν
543 2310 649 2375 σελίδι
676 2319 736 2376 139
760 2315 821 2373 τοῦ
845 2305 948 2374 αὐτοῦ
972 2307 1237 2394 συγγράμματος.

271 2425 367 2502 Σημ.
391 2441 418 2498 γ.
443 2423 487 2482 Μ
492 2417 691 2496 εσόδμαι.
750 2413 968 2501 Ἱπποκράτης
997 2418 1077 2502 περὶ
1105 2411 1244 2501 ἄρθρων
1274 2437 1349 2494 τομ.
1379 2422 1411 2496 4,

184 2523 253 2588 σελ.
279 2531 341 2588 988
367 2547 395 2586 κ.
420 2529 483 2588 990
516 2521 722 2606 (3111711176,
753 2521 844 2585 Paris
876 2524 987 2602 1944).
1032 2521 1233 2607 ,Κρεμάσαι
1261 2521 1322 2609 χρή
1352 2521 1413 2586 τὸν

186 2625 374 2715 ἄνθρωπον
396 2635 464 2692 των
486 2628 603 2692 ποδῶν
626 2627 712 2714 πρὸς
734 2626 905 2712 μεσόδμην
929 2627 1043 2711 δεσμρῖ
1066 2629 1196 2712 δυνατῷ
1217 2633 1297 2712 μέν,
1327 2629 1412 2708 μαλ-

121 2719 124 2726 ’
185 2741 288 2820 θακηῖ
319 2737 354 2800 δὲ
379 2741 435 2800 καὶ
458 2733 588 2810 πλάτος
619 2736 737 2816 δχοντι.
793 2734 879 2810 Τοὺς
903 2736 938 2798 δὲ
961 2733 1070 2810 πόδας
1101 2735 1220 2816 διέχειν
1248 2735 1307 2821 χρή
1331 2730 1413 2800 ὅσον

185 2849 352 2930 τέσσαρας
383 2841 568 2916 δακτύλους
600 2836 658 2906 ἀπ’
682 2837 834 2927 άλλήλων
864 2837 885 2927 ή
914 2844 970 2906 καὶ
1001 2840 1165 2906 ἔλασσον·
1195 2841 1255 2928 χρή
1288 2842 1322 2905 δὲ
1354 2845 1412 2906 καὶ

185 2950 465 3038 ἐπάνωδενρτῶν
496 2949 716 3030 ἐπιγουνίδιον
746 2947 1110 3036 πρυσπεριβεβλήσδαι
1141 2947 1268 3013 πλατεῖ
1296 2948 1411 3029 ἱμάντι

185 3060 243 3121 καὶ
265 3056 439 3139 μαλθακῷ
464 3049 679 3119 α’νατείναντι
706 3055 754 3129 είς
786 3052 844 3141 τήν
865 3053 1046 3139 μεσόδμην.
1102 3055 1149 3120 Τδ
1175 3057 1210 3118 09
1234 3055 1351 3130 σκέλος
1372 3056 1410 3120 τὸ

176 3151 328 3249 1σιναρδν
355 3159 561 3226 ἐντετάσθαι
590 3161 649 3247 χρή
682 3159 726 3235 οἷς
757 3159 816 3225 δυό
842 3159 1022 3236 δακτύλους
1044 3161 1176 3242 μᾶλλον
1206 3168 1265 3226 τοῦ
1289 3163 1410 3248 ἑτέρου.

183 3266 260 3334 Ἀπδ
284 3271 320 3333 δὲ
343 3272 401 3356 τής
432 3275 487 3353 γής
517 3268 575 3352 τήν
603 3266 752 3352 κεφαλήν
776 3263 940 3348 άπεχέτω
959 3263 1002 3343 ὥς
1034 3268 1091 3332 δύο
1122 3266 1249 3352 πήχεας
1272 3264 1291 3352 ἠ’
1315 3266 1412 3352 ὀλίγῳ

186 3374 289 3440 πλέον
316 3371 336 3460 ή
359 3375 537 3440 δλασσονί(
590 3373 737 3458 Γαληνὸς
768 3374 816 3449 εἰς
845 3374 884 3438 τὸ
902 3371 1142 3461 Ἱπποκράτους
1172 3379 1251 3458 περὶ
1275 3372 1413 3462 άρδρων
1492 3455 1496 3462 ,

185 3479 369 3566 ὑπόμνημα
392 3481 740 3566 Δ,ε11.Κ1’11111,τομ.
791 3481 918 3566 XVIII,
945 3487 974 3566 1,
998 3505 1073 3568 pag.
1098 3485 1180 3548 939:
1212 3481 1412 3565 ,,Μεσόδμη,

185 3589 223 3653 τδ
247 3593 331 3671 μέγα
363 3587 459 3662 ξύλον
487 3583 558 3651 άπδ
589 3593 651 3651 τοῦ
674 3588 788 3674 ἑτέρου
810 3592 925 3669 τοίχου
954 3587 1040 3674 πρὸς
1069 3587 1129 3651 τδν
1151 3587 1266 3676 ἕτερον
1289 3590 1413 3674 διήκων,

186 3697 221 3760 90
243 3719 279 3760 τε
310 3703 381 3770 τοῖς
412 3696 622 3776 πανδοχείων
651 3694 754 3770 οῗκοις
784 3703 856 3770 τοῖς
878 3693 1052 3778 μεγάλοις,
1084 3694 1120 3758 λυ
1151 3688 1201 3770 οἶς
1231 3695 1345 3762 ἱστᾶσι
1367 3693 1411 3758 τά

187 3801 295 3886 κτήνη,
319 3803 378 3864 καὶ
401 3796 472 3864 και)
496 3796 596 3886 άγρδν
621 3796 744 3882 δμοίως
766 3802 803 3866 ἐν
824 3809 896 3877 τοῖς
918 3809 1107 3887 γεωργικοῖς
1131 3802 1270 3877 οῗκοις.“

271 3903 306 3971 ‘O
330 3903 432 3981 αὐτὸς
455 3907 491 3972 ἐν
513 3903 552 3999 τῇ
575 3907 732 3994 ἑρμηνείᾳ
747 3914 815 3972 τῶν
829 3908 1082 3994 ἱπποκρατείων
1097 3907 1218 3984 λέξεων
1238 3908 1287 3974 ed.
1303 3908 1411 3974 Franz

186 4037 220 4102 p.
237 4017 319 4081 599:
344 4013 552 4098 ,,Μεσόδμη·
576 4009 696 4098 ήκα9’
719 4014 779 4080 ἕνα
796 4002 953 4089 οῖκυνέῐς
969 4013 1026 4080 δύο
1044 4022 1288 4102 μεμερισμένον
1310 4015 1412 4101 διορί-

189 4123 294 4196 ζουσα
317 4126 379 4186 τοῦ
402 4121 500 4186 δοκοῦ
523 4116 644 4206 ελρξις,
676 4113 748 4186 οἶον
770 4121 923 4206 μεσοδμή
945 4145 996 4196 τις
1028 4113 1123 4188 οὖσα.
1172 4127 1265 4195 Τινὲς
1296 4122 1331 4185 δὲ
1354 4125 1412 4186 καί

187 4227 226 4291 τὸ
259 4223 499 4312 ὑπερκείμενον
529 4231 643 4310 στέγος
673 4227 844 4312 μεσόδμην
866 4227 1040 4292 καλοῦσι.“
1088 4226 1140 4292 Τά
1168 4233 1275 4313 χωρία
1305 4232 1412 4294 ταῦτα

189 4328 445 4420 άντεγράφησαν
475 4334 511 4396 ἐκ
542 4338 600 4418 τῆς
622 4340 682 4398 τοῦ
712 4336 756 4400 Η.
780 4335 905 4423 Rumpf
923 4337 1156 4420 πραγματείας
1180 4333 1314 4418 „Altera
1337 4357 1411 4422 pars
