3114 4810
703 244 742 306 17

30 400 52 466 ἄλ
109 422 410 514 παραφυλάττειν,
440 421 516 495 ἐξὸν
539 413 656 493 αύτοῖς
683 417 790 502 μόνην
820 416 880 502 τὴν
911 410 1051 482 αῦλειον
1073 414 1185 500 θύραν
1207 421 1337 500 ἐγρηγο·

1 819 35 858 W

109 535 218 620 ρότας
249 538 363 616 τηρεῖν
393 531 448 592 καί
478 525 566 610 πρὸς
596 519 684 614 αύτῇ
714 524 753 588 τὸ
783 525 851 609 πῦρ
882 526 1011 600 καίειν;
1038 526 1082 586 Τί
1102 511 1162 586 νῦν
1184 521 1271 606 πρός
1292 520 1336 584 τά

112 647 176 706 νῦν
207 639 420 723 ἐρωτηθέντα
461 630 765 714 άποκρινούμεθα;
806 624 913 692 Ου’δέν
945 626 1047 708 ἄλλο,
1084 622 1199 708 οἶμαι,
1228 624 1249 712 ἢ
1276 627 1338 692 τόν

17 801 25 812 .
114 743 303 830 περίβολον
337 739 382 826 μὴ
413 737 519 814 ούτως
556 737 676 823 ἐχυρὸν
704 732 792 800 εῖναι
821 739 878 798 καί
909 735 967 798 διὰ
996 739 1096 798 τοῦτο
1127 734 1254 816 πολλῆς
1282 736 1339 798 καλ

22 905 25 922 .
117 849 286 937 ἀγρύπνου
310 847 458 931 φυλακῆς
482 848 636 910 δεῖσθαι·
669 845 790 926 σαφεῖς
811 841 875 926 γάρ
897 843 996 906 τοῦτο
1019 842 1054 904 ἐκ
1076 836 1145 906 τεόν
1166 845 1262 904 ἐπιόν
1284 841 1339 924 δη.

116 959 246 1034 λοῦται,
270 957 306 1020 ἐν
330 947 381 1029 οἷς
405 950 423 1018 ὁ
451 951 575 1023 Φοῖνιξ
598 945 698 1026 αύτός
721 970 825 1032 φησιν

292 1114 436 1186 εἰνάνυχες
455 1112 486 1164 δέ
502 1131 551 1179 μοι
569 1104 644 1184 ἄμφ’
663 1105 737 1182 αύτῷ
754 1107 830 1182 παρὰ
850 1106 951 1166 νύκτας
969 1113 1064 1160 lavor·

292 1205 320 1258 οἳ
335 1205 391 1272 μὲν
410 1199 589 1273 ἀμειβόμενοι
607 1199 736 1271 φυλακάς
755 1198 832 1268 ἔχον,
852 1195 916 1252 ούδέ
933 1191 991 1250 ποτ’
1010 1193 1074 1263 ἔσβη

291 1293 355 1362 πῦρ,
377 1293 469 1360 ἓτερον
486 1292 540 1360 μὲν
557 1285 601 1343 ὑπ’
621 1288 739 1358 αἰθούσῃ
756 1283 878 1356 εύεριιίος
896 1283 987 1350 αὐλῆς,

295 1379 363 1433 ἄλλο
381 1375 410 1432 δ’
429 1381 469 1433 ἐνί
486 1377 617 1448 προδόμῳ
634 1374 759 1445 πρόσθεν
776 1375 919 1444 θαλάμοιο
936 1371 1062 1442 θυράων.

295 1463 414 1521 ἄλλ”όίε
433 1467 464 1534 δὴ
485 1463 582 1530 δεκάτη
603 1484 651 1536 μοι
669 1461 786 1532 ἐπήλυθε
804 1463 854 1526 νύξ
872 1459 1008 1538 ἐρεβεννή,

296 1557 342 1608 καὶ
359 1553 411 1608 τότ’
428 1555 485 1625 ἐγώ
505 1550 645 1622 θαλάμοιο
665 1552 755 1624 θύρας
773 1550 895 1610 πυκινῶς
913 1549 1045 1624 ἀραρυίας

298 1641 378 1716 ῥήξας
397 1644 522 1709 ἐξῆλθον,
544 1645 590 1695 καί
608 1645 764 1717 ὑπέρθορον
783 1641 873 1714 ἑρκίον
892 1635 984 1706 αύλῆἐ,

299 1735 366 1805 ῥεῖα,
388 1730 486 1786 λαθιόν
504 1729 633 1802 φύλακάς
651 1729 669 1786 ι’
692 1729 800 1804 ἄνδρας
818 1727 915 1802 δμωάς
933 1748 962 1783 τε
979 1731 1157 1800 γυναῖκας’).

200 1873 337 1938 Ἔπειτα
360 1873 490 1964 ὑψηλοῦ
518 1867 616 1963 ύντος
646 1875 707 1937 τοῦ
729 1873 913 1958 περιβόλου
941 1877 998 1938 καλ
1026 1877 1095 1936 τῶν
1118 1870 1269 1952 πλαγίων
1293 1873 1342 1932 αἰ-

116 1987 266 2064 θουσοῖν,
290 1979 334 2057 οἷς
349 1981 544 2064 βούλονται,
567 1980 612 2064 μὴ
628 1979 866 2066 ύπαρχουσῶν,
889 1983 967 2043 τίνα
985 1979 1024 2066 δὴ
1039 1979 1171 2064 τρόπον
1186 1973 1206 2041 ό
1225 1978 1345 2052 Φοῖνιξ

118 2086 288 2173 άναβῆναι
321 2083 391 2162 οἷός
414 2113 451 2150 τε
483 2089 629 2166 ἐγένετο,
669 2088 711 2148 El
742 2089 803 2164 μὲν
833 2083 893 2170 γὰρ
924 2088 1025 2149 τοῦτο
1049 2084 1095 2172 μὴ
1118 2085 1345 2148 παντάπασιν

118 2197 300 2274 άδύνατον,
324 2192 562 2278 χαλεπώτερον
587 2187 678 2271 ὅμως
702 2193 811 2271 ἐ’μοιγε
829 2192 924 2253 δοκεῖ
944 2192 1000 2253 ἐπὶ
1023 2191 1127 2276 ψιλόν
1150 2195 1206 2254 καὶ
1222 2187 1344 2276 ύρθιον

118 2311 233 2380 τοῖχον
258 2297 515 2382 άναρριχάσθαι
538 2289 559 2382 ἢ
582 2295 670 2382 πρός
690 2295 857 2379 αλθούσης
879 2301 988 2377 κίονα,
1012 2285 1052 2359 οῦ
1074 2297 1146 2360 ἐστι
1167 2301 1284 2382 χερσίν
1306 2320 1343 2358 τε

122 2409 180 2468 καὶ
203 2409 305 2470 ποσὶν
329 2399 552 2484 άντεχόμενον
577 2399 789 2484 άναβαίνειν,
815 2399 930 2488 οἵσπερ
954 2397 1036 2466 καθ’
1058 2403 1203 2488 ἑκάστην
1219 2400 1345 2488 ἡμέραν

118 2511 349 2596 παραπλήσια
380 2513 438 2574 ἐπί
469 2534 505 2572 τε
528 2509 606 2586 τοῦς
638 2509 753 2584 ἱστοῦς
777 2513 836 2572 καὶ
866 2508 910 2572 τά
942 2509 1079 2594 στελέχη
1109 2513 1177 2573 νῦν
1200 2512 1345 2596 δένδρων

116 2614 183 2682 ύπὸ
223 2617 361 2682 πολλάν
399 2619 575 2699 γιγνόμενα
615 2613 757 2699 δρῶμεν.
811 2615 853 2679 Αἱ
891 2615 1061 2680 α’ίθουσαι
1100 2613 1170 2701 άρα
1203 2621 1344 2682 Φοίνικα

118 2721 290 2808 άναβῆναι
313 2726 369 2788 καλ
394 2719 593 2806 άποδρᾶυαι
617 2717 677 2785 ούκ
700 2721 854 2786 ἐκώλυον.
900 2725 966 2785 Καί
997 2717 1052 2785 ότι
1074 2746 1108 2804 γε
1131 2723 1188 2786 ἐπὶ
1210 2728 1344 2812 τοίχορς

119 2830 305 2912 περιβόλου
345 2829 432 2912 πρὸς
462 2829 501 2892 τὸ
534 2830 631 2892 ἔνδον
668 2833 726 2911 τῆς
765 2825 868 2914 αύλῆς
907 2827 1079 2904 αλθούσας
1117 2825 1174 2892 οῦκ
1204 2831 1344 2910 ἔχοντας

10 3019 15 3030 ⁶
119 2933 227 3014 (οἵους
250 2933 329 3008 τοῦς
352 2942 501 3016 συνεχεῖς
524 2937 583 2996 καὶ
606 2937 762 3022 ἰσοϋψεῖς
785 2939 920 3016 τοίχους
942 2933 1021 3010 τούς
1043 2936 1140 3018 παρά
1163 2937 1241 3012 τοῦς
1256 2938 1342 3001 πλα-

116 3046 209 3122 γίους
247 3045 384 3122 τοίχους
418 3043 479 3103 τοῦ
517 3040 612 3104 οἴκου
650 3036 847 3124 άνέχοντας)
890 3036 1059 3125 άναβῆναι
1098 3038 1264 3108 α’δύνατον
1293 3035 1343 3128 η’ν,

116 3153 217 3210 τοῦτο
242 3147 280 3232 δὴ
298 3142 545 3229 άσφαλίστατα
563 3145 714 3211 άλλοθεν
729 3148 962 3230 γιγνώσκομεν.
997 3144 1263 3234 ’,ἐπειλημμένον
1281 3149 1344 3236 γάρ

119 3258 186 3316 τοῖν
224 3252 423 3339 μνηστήρων
465 3253 502 3316 ἐν
541 3259 583 3344 τῇ
621 3250 835 3340 άνδρωνίτιδι
878 3256 936 3318 καλ
976 3249 1160 3330 Ὀδυσσέως
1198 3279 1343 3321 κατατο-

121 3357 228 3430 ξεύειν
251 3356 375 3434 αύτούς
407 3355 601 3445 άρξαμένου
628 3357 774 3444 Ἀγέλαος
805 3359 894 3447 δρῦν
926 3359 1081 3444 ἄφυκτον
1110 3360 1171 3425 τὸν
1198 3359 1343 3450 ύλεθρον

118 3463 420 3552 πάντωνφησίνῖ)

332 3618 353 3677 ὦ
371 3627 455 3694 φίλοι,
476 3629 526 3682 ουίι
546 3623 583 3679 ῦν
601 3625 632 3694 δη’
652 3646 693 3686 τις
709 3621 753 3680 ἄν’
771 3623 928 3700 ὀρσοθύρην
946 3623 1064 3697 άναβιάη

335 3716 380 3765 καὶ
397 3719 463 3770 εἴποι
482 3716 581 3778 λαοῖσι,
602 3715 651 3786 βοὴ
672 3713 701 3770 δ’
719 3713 823 3772 ὤκιστα
841 3718 963 3787 γένοπο;

120 3853 206 3939 πρὸς
229 3855 341 3918 ταῦτα
366 3857 401 3918 δὲ
425 3855 443 3918 ό
467 3857 612 3932 αἰπόλος
634 3858 840 3933 Μελάνθιος
864 3855 1133 3944 άποκρινόμενύς
1157 3871 1260 3940 φησιν

333 4013 367 4068 οῦ
384 4035 441 4074 πως
459 4015 522 4080 ἔστ’,
542 4013 648 4087 Ἀγέλαε
667 4019 823 4091 διοτρεφές·
844 4017 917 4092 άγχι
934 4017 991 4090 γάρ
1011 4016 1094 4076 αίνῶἐ

333 4099 415 4170 αῦλῆς
434 4105 506 4158 καλά
525 4106 654 4179 θύρετρα,
675 4110 721 4160 καὶ
739 4103 878 4180 άργαλίον
896 4103 987 4176 στόμα
1005 4101 1119 4176 λαύρην·

332 4197 378 4247 καὶ
393 4189 425 4266 χ’
442 4187 480 4253 εἷς
497 4191 603 4254 πάντας
621 4195 710 4267 ἐρύκοι
728 4192 806 4265 άνήρ,
827 4193 856 4254 ός
875 4189 897 4248 τ’
914 4192 1031 4264 ἄλκιμοι·
1048 4195 1125 4262 εἶπ’).

120 4311 330 4320 ——--——-—

211 4373 237 4439 1)
255 4366 296 4426 ²12.
317 4377 337 4424 ι.
359 4375 493 4427 ιτο-ττ.
586 4375 613 4442 ν)
630 4368 682 4426 ὀε
704 4378 742 4424 x,
764 4375 878 4424 ιον-ε.
968 4373 997 4436 ο)
1017 4364 1125 4432 adeam,
1150 4373 1262 4424 ιον-ι.

1111 4477 1127 4524 ν
