3114 4810
845 210 887 278 48

798 380 930 440 Ἀνόπαια.

341 495 428 565 Ἀλλ’
459 497 548 584 ὅμως
577 509 685 568 ταῦτα
716 505 755 590 δή
786 507 829 570 τοί
863 502 1016 572 οίνόπαιω
1055 504 1095 573 οὐ
1131 511 1238 591 μόνον
1278 510 1375 576 ἄλλοι
1413 521 1486 578 τῶν

255 606 415 672 παλαιών
431 611 486 670 καί
503 615 673 694 νεωτέρων
688 607 796 686 ἄλλως
812 637 884 688 πως
900 615 1138 701 καί-γράφουσι
1160 621 1218 680 καί
1233 618 1486 703 ἑρμηνεύουσιν,

255 710 343 778 α’λλοί
374 717 431 777 καί
462 713 495 776 οί
524 715 733 797 βουλόμενοι
764 716 853 784 αὑτό
885 721 1103 802 φωταγωγοὺς
1133 718 1223 786 εἶναι
1254 729 1334 809 περί
1356 749 1392 788 τε
1424 730 1487 812 τῆς

255 823 459 904 κατασκευῆς
490 824 549 882 καί
578 828 637 907 τῆς
665 824 793 910 χώρας,
825 827 861 889 ἐν
883 816 903 916 ᾖ
926 817 983 910 ήν,
1016 824 1174 912 αλλήλοις,
1193 819 1237 893 αὑ
1259 832 1485 914 διαφωνοῦσι.

256 926 351 992 Πολι)
380 928 415 990 δὲ
447 929 540 1011 ἔργον
579 926 622 992 δίν
652 930 720 1015 εἴη,
759 931 790 994 εί
821 933 908 996 κατδ
938 938 1024 1015 μίαν
1058 936 1200 1019 ἐκοίστηυ
1237 943 1305 1000 τῶν
1342 947 1485 1020 γνωμῶν

253 1034 395 1134 γράφειν
417 1034 630 1128 βουληθείην.
662 1036 725 1100 Διὸ
750 1039 789 1123 δή
813 1040 849 1102 ἐν
871 1045 933 1121 μὲν
956 1047 1005 1124 τῷ
1028 1043 1194 1127 ίπιμίτρηι
1217 1043 1261 1106 τοὶ
1289 1046 1482 1129 κυριώτατα

252 1145 320 1202 τών
342 1139 484 1222 βιβλίων
500 1147 748 1228 καταγίγραφα,
772 1146 808 1209 ἐν
824 1141 873 1220 οἷς
891 1146 909 1210 ὁ
924 1147 1131 1229 βουλόμενος
1153 1149 1269 1224 πόσος
1292 1151 1477 1237 συλλήβδην

253 1246 314 1320 τὰς
337 1243 469 1328 γνώμας
497 1255 563 1311 τῶν
592 1248 751 1313 παλαιῶν
782 1256 840 1315 καί
870 1259 1039 1340 νεωτέρων
1069 1251 1179 1340 εὑρεῖν
1201 1257 1343 1321 δύναται
1353 1262 1399 1339 1)·
1433 1259 1476 1322 ἐν·

254 1357 371 1416 ταῦθα
396 1355 431 1416 δὲ
453 1360 509 1438 τῆς
531 1352 599 1420 ὑπὸ
626 1351 814 1442 Οὑερνέρου
844 1361 979 1442 ίίναγχος
1009 1368 1183 1446 γενομένης
1206 1366 1379 1450 ἑρμηνείας
1401 1387 1479 1447 μνη-

254 1465 417 1540 μονεύσαι
449 1456 581 1548 α’πόχρη
603 1485 680 1543 μοι,
704 1461 811 1550 ήνπερ
836 1463 1028 1553 ὀρθοτάτην
1059 1473 1181 1534 πασῶν
1210 1468 1402 1555 ήγοῦμαιῖ).
1446 1469 1482 1533 ‘0

253 1572 331 1645 γοῦν
364 1562 547 1652 Οδίρνερος
584 1573 779 1649 βασανίσας
818 1573 879 1648 τὰς
916 1583 983 1638 των
1020 1577 1179 1640 παλαιών
1216 1580 1275 1640 καί
1312 1582 1484 1662 νεωτέρων

253 1673 385 1754 γνώμας
409 1680 486 1758 περί
509 1699 546 1738 τε
569 1680 630 1738 τοῦ
652 1675 762 1740 τόπου
787 1683 845 1740 καί
868 1686 928 1743 τοῦ
950 1689 1195 1758 σημαινομένου
1226 1687 1286 1746 τοῦ
1310 1680 1484 1765 ὀνόματός

255 1800 339 1863 φησι
369 1781 413 1844 τό
445 1779 599 1846 α’νόπαια
639 1778 729 1846 εἶναι
766 1790 827 1864 μὲν
863 1784 1022 1846 ἐπίθετον
1058 1789 1169 1861 γένους
1208 1785 1383 1874 οὐδετέρου
1422 1793 1485 1853 καί

256 1881 406 1970 ιίριθμοῦ
436 1885 665 1968 πληθυντικοῦ
696 1891 752 1952 καί
782 1888 942 1959 πτώσεως
973 1885 1161 1973 αἰτιατικῆς
1192 1895 1250 1952 καί
1273 1898 1485 1971 συγκεῖσθαι

255 1986 368 2077 ὥσπερ
400 1991 438 2056 τὸ
472 1988 683 2074 οίυαβόλαιον
714 1997 770 2058 καί
801 1993 972 2058 ἐνεύναιον
1002 1996 1060 2056 καί
1089 1989 1174 2056 ἄλλα
1204 1995 1282 2057 τινα
1293 2001 1334 2076 ³),
1360 2014 1483 2060 συντε-

254 2098 383 2180 τάχθαι
400 2101 434 2164 δί
452 2094 532 2185 ὅλην
547 2099 605 2186 τήν
621 2096 1408 2182 λίξιυᾶνόπαιαδιαπτώσθαιοίναλόγως
1426 2104 1486 2185 τῷ

254 2203 451 2272 ὑπασπίδια
467 2209 720 2294 προποδίζεινί)
735 2210 795 2303 καί
811 2210 859 2289 τηῖ
881 2205 1140 2289 καταλοφάδεια
1158 2212 1317 2294 φίρεινῦ).
1345 2205 1479 2291 Ὥσπερ

256 2305 332 2394 οὑν,
365 2318 464 2397 φησί,
495 2313 533 2377 τὸ
559 2311 753 2376 ὑπασπίδια
786 2313 1003 2397 προποδίζειν
1032 2320 1081 2397 τηί
1110 2313 1153 2378 τοί
1186 2311 1253 2380 ὑπὸ
1284 2321 1324 2405 τῇ
1358 2309 1483 2376 ἀσπίδι

255 2415 339 2482 ὄντα
356 2420 576 2502 προποδίζειν
591 2419 816 2502 ἑρμηνεύεται,
841 2415 929 2482 οὑτω
947 2425 1002 2484 καί
1019 2420 1057 2482 τὸ
1083 2418 1239 2484 α’νόπαια
1256 2419 1481 2484 διαπτάσθαι

254 2527 303 2606 τηῖ
332 2523 375 2588 τὰ
407 2520 472 2588 α’νδι
506 2523 564 2609 τήν
596 2521 683 2608 ὀπήν
715 2520 799 2588 ὄντα
840 2526 1061 2590 διαπτάσθαι
1100 2525 1175 2606 (τόν
1214 2524 1284 2589 ἄνω
1323 2531 1479 2606 κείμενον

255 2633 364 2716 χώρου
393 2636 450 2715 τῆς
481 2628 567 2716 όπής
591 2631 674 2714 δήλω
699 2630 752 2716 δή)
784 2631 919 2708 εἰκότως
944 2629 986 2696 όίν
1005 2632 1243 2716 .ἑρμηυεόοιτο.
1293 2636 1357 2696 Καί
1391 2629 1477 2696 οὕτω

254 2744 315 2820 μὲν
346 2737 404 2821 τήν
427 2739 559 2819 μᾶλλον
590 2741 708 2823 ἑτέρων
739 2737 882 2804 πλεῖσθ’
914 2736 979 2804 ὅσα
1013 2739 1194 2824 πράγματα
1228 2744 1479 2826 παρασχοῦσαν
1553 2749 1554 2829 ή

256 2845 351 2928 ῥήσιν
374 2849 509 2932 ταυτηνί
536 2842 716 2932 Οὑέρυερος
741 2845 939 2932 δξηγήσατο,
968 2844 1083 2931 δρθως
1107 2844 1151 2922 ώς
1174 2848 1284 2930 ἔμοιγε
1307 2851 1477 2928 μαίνεται.
1552 2935 1553 2938 ¹

252 2945 362 3016 Ὅπου
392 2955 509 3030 μέντοι
540 2955 597 3036 τῆς
628 2951 908 3038 ώνδρωνίτιδοςή
940 2949 1007 3038 όπή
1041 2951 1126 3039 αὑτη
1155 2944 1213 3039 ήν,
1245 2956 1321 3034 περί
1353 2952 1475 3015 τούτου

257 3055 411 3136 ου’δαμοῦ
453 3060 510 3144 τῆς
561 3065 795 3144 πραγματείας
846 3062 1027 3147 διαρρήδην
1074 3057 1286 3143 ἀπεφήνατο.
1356 3063 1468 3122 Καίτοι
1551 3093 1552 3110 1

254 3189 289 3245 γε
314 3171 474 3248 φαίνεται
499 3169 572 3256 σιγῇ
597 3162 819 3242 α’σπώζεσθαι
843 3169 902 3254 την
925 3167 1056 3251 γνώμην
1080 3168 1146 3228 τών
1174 3163 1347 3228 θελόντων
1372 3159 1472 3246 αὑτήν

256 3272 292 3334 ἐν
316 3277 365 3355 τηῖ
387 3278 478 3356 μέσῳ
502 3279 558 3360 τῆς
583 3269 711 3359 δροφής
741 3279 936 3364 κείσθαιί),
969 3269 1029 3337 ὑίτε
1061 3271 1098 3356 δή
1129 3274 1184 3334 καί
1208 3271 1384 3355 ίστορικώς
1406 3279 1478 3346 τοῖς

255 3375 322 3442 ὑπὸ
344 3376 528 3465 Ἡροδότου
559 3383 638 3466 περί
668 3386 726 3466 τῆς
757 3381 964 3466 καπνοδόκης
993 3379 1281 3463 παραδιδομένοις
1312 3378 1478 3457 ἑμπεδου-

256 3490 402 3568 μένηνί).
449 3489 559 3572 Δήλου
583 3490 619 3552 δὲ
642 3493 744 3552 τοῦτο
771 3484 810 3550 οὑ
824 3487 930 3566 μόνον
954 3488 990 3557 ἐξ
1015 3476 1060 3550 ών
1083 3487 1159 3568 περί
1183 3493 1244 3549 τοῦ
1267 3485 1395 3570 τρόπου
1421 3486 1481 3567 τῆς

258 3592 409 3677 πτήσεως
432 3593 571 3678 είρηκευ,
596 3591 683 3659 α’λλὰ
707 3599 763 3658 καί
786 3600 821 3656 ἐκ
845 3599 901 3680 τῆς
924 3599 960 3657 ἐν
983 3595 1031 3676 τιή
1054 3591 1139 3656 τέλει
1163 3597 1220 3676 τῆς
1245 3596 1481 3676 πραγματείας

257 3709 430 3782 γενομένης
453 3699 679 3783 πληρεστέρας
703 3700 898 3786 ἐξηγήσεως,
921 3698 942 3785 ή
966 3695 1083 3774 αὑτοῖς
1107 3694 1272 3780 ὀνόμασιν
1298 3688 1361 3762 ώδε
1392 3699 1480 3778 ίχει·

257 3809 314 3870 mit
329 3804 580 3893 Vogelschnelle
597 3805 765 3894 durchflog
780 3809 825 3873 sie
842 3807 904 3872 den
920 3807 1023 3871 Raum
1041 3806 1122 3870 nach
1139 3805 1196 3870 der
1211 3805 1304 3869 Luke
1319 3803 1435 3868 hinauf
1440 3811 1479 3886 ⁸).

348 3987 373 4050 1)
390 3983 451 4054 Ὁριι
470 3985 614 4056 ίπιμίτρου
634 4000 698 4051 σημ.
721 3985 762 4038 δ’.
818 3988 845 4053 2)
863 3981 986 4037 Ἀνόπαια
1005 4003 1060 4038 von
1078 3985 1304 4046 EmilWoerner,
1323 3984 1403 4052 ἐντῷ
1417 3984 1479 4034 Stu-

257 4073 321 4126 dien
346 4089 392 4124 zur
418 4091 460 4140 gr.
485 4091 512 4126 u.
533 4075 554 4126 l.
586 4075 703 4126 Gramm.
732 4075 955 4142 herausgegeben
986 4092 1039 4126 von
1069 4077 1145 4128 Prof.
1171 4074 1202 4126 G.
1225 4074 1344 4136 Curtius,
1370 4076 1395 4124 6.
1417 4073 1478 4139 Βδ,

256 4162 369 4212 9.-Ηείί
388 4163 441 4212 σελ.
461 4166 593 4214 349-71.
632 4164 754 4230 Leipzig,
781 4167 859 4215 1873.
920 4164 947 4228 3)
967 4164 1020 4216 οελ.
1043 4166 1102 4216 368.
1164 4163 1191 4226 4)
1210 4161 1251 4211 Ἰλ.
1273 4165 1304 4212 Ν.
1329 4165 1387 4213 158.
1409 4167 1473 4233 πρβ,

255 4248 302 4300 καί
320 4250 371 4298 806
391 4250 437 4297 καί
456 4254 488 4300 Π.
511 4253 574 4312 408,
597 4269 622 4312 κ.
644 4247 712 4315 ίξής.
770 4254 795 4318 5)
815 4251 865 4304 Ὀδ,
887 4255 920 4302 K.
944 4254 1003 4302 169.
1061 4253 1087 4317 6)
1107 4251 1236 4304 σελ365.
1300 4250 1326 4316 7)
1345 4248 1474 4320 Ἡροδῧ,
1542 4259 1543 4264 ’

257 4337 316 4396 137,
338 4337 380 4384 20.
436 4337 463 4400 8)
484 4337 538 4388 σελ.
560 4341 621 4390 370.
