3114 4810
687 241 783 321 οε,

16 439 26 501 η’
96 424 308 504 ἐπιφανειῶν
339 421 387 492 εἰς
410 416 524 495 βάθος
554 420 655 500 τριῶν
687 414 860 478 δακτύλων
890 414 1041 492 μάλιστα
1072 416 1241 480 έσκαπται
1263 419 1320 478 καῖ

16 573 24 610 z
97 526 198 610 κοίλῳ
239 530 372 608 σκαφέῳ
412 518 430 608 ἢ
468 521 611 606 χελῶνης
649 518 804 606 ὀστράκῳ
849 520 1045 606 παρόμοιον
1083 515 1318 606 ἀπείργασται.

95 633 147 709 Ἐξ
170 623 217 698 ῶν
241 634 278 722 δὲ
306 635 362 695 καὶ
392 625 590 704 Εόστάθιος
620 633 656 693 ἐν
686 636 762 704 ταῖς
792 629 839 704 τῖς
860 623 1057 694 Ὀδύσσειαν
1087 627 1320 712 παρεκβολαῖς

96 741 206 826 εἴρηκε
218 743 264 824 ¹),
295 734 354 802 οδκ
378 732 509 819 άγνοῶν
538 735 577 800 τὸ
603 739 664 798 νῦν
686 733 848 818 κλεῖθρον
880 739 1058 818 φαίνεται,
1088 729 1174 816 ὅπερ
1199 733 1256 798 διὰ
1278 733 1319 798 κδ

16 913 17 922 ,
97 852 209 932 σχῆμα
230 844 391 926 χελύνιον
415 841 631 923 ἐπονομάζει.
677 841 860 926 Χρήσομαι
883 841 919 904 δὲ
947 837 1034 921 κάχῶ
1058 844 1107 924 τῷ
1130 836 1222 922 αύτῷ
1245 835 1320 904 ὀνύ-

96 977 179 1034 ματι
203 955 352 1016 ἐνταῦθα
377 947 437 1016 ούκ
471 945 590 1032 άτόπηι
622 941 705 1011 ὀντι.
752 945 845 1031 Πρὸς
868 949 903 1012 δέ
925 948 1059 1024 τούτοις
1087 946 1238 1012 ὀπισθεν
1259 949 1322 1012 τού

95 1061 257 1143 χελωνίον
289 1057 371 1122 κατά
403 1063 509 1139 μέσον
540 1053 578 1118 τὸ
612 1057 722 1116 νῶτον
752 1061 842 1138 τρεῖς
878 1050 962 1118 ὀπαλ
993 1050 1099 1140 ὀρθαὶ
1130 1060 1233 1137 εἰσιν,
1274 1043 1321 1120 ῶν

97 1167 116 1254 ἡ
140 1173 224 1251 μέση
248 1167 493 1249 ἐπιμηκεστέρα
517 1164 585 1226 τῶν
609 1157 729 1224 ἄλλων.
767 1159 864 1224 Κατὰ
886 1159 1035 1248 θάτερον
1058 1163 1095 1226 δὲ
1118 1164 1185 1226 τῶν
1210 1156 1321 1247 άκρον

97 1271 156 1339 ἐπ’
181 1269 385 1356 ἀμφοτέρων
407 1279 475 1335 τῶν
505 1269 660 1353 παρειῶν
689 1265 749 1330 δύο
780 1267 894 1352 ἕτεραι
927 1263 1012 1334 ὀπαῖ
1040 1268 1242 1352 τετράγωνοι
1264 1273 1321 1333 καλ

98 1377 242 1468 άκριβῶς
273 1375 431 1465 α’λλήλαις
460 1371 701 1454 άντικιέμεναι,
733 1371 780 1436 δι’
811 1362 857 1437 ῶν
874 1369 966 1455 ὀχέα
998 1376 1198 1460 διεέρουσιν,
1231 1363 1272 1438 οὗ
1300 1372 1322 1458 ἦ

99 1488 187 1571 πρὸς
217 1491 256 1551 τό
287 1485 437 1564 κοέλωμα
468 1488 531 1546 τοῦ
554 1482 714 1564 χελωνίον
737 1485 947 1566 δστραμμένη
979 1482 1111 1567 πλευρά
1152 1477 1321 1566 ὀδοντατή
1353 1537 1355 1541 .

99 1603 204 1659 ἐστιν.
240 1588 316 1674 Ὅχε
339 1590 405 1674 μὴν
429 1587 523 1672 ὀχεδς
547 1584 652 1662 οὕτως
674 1586 915 1672 ἐμβεβλημένος
939 1590 973 1664 ές
996 1613 1032 1652 τε
1048 1588 1086 1654 κδ
1102 1589 1221 1675 πρόσω
1245 1583 1319 1668 ἅμα

100 1707 154 1768 καὶ
184 1702 219 1776 ἐς
250 1695 402 1763 τούπίσω
426 1701 599 1760 κινεῖσθαι
630 1692 783 1757 δύναται.
826 1690 875 1758 Ἐν
907 1696 943 1758 δέ
974 1694 1021 1778 τῷ
1059 1700 1122 1760 τοῦ
1158 1695 1319 1777 χελωνέου

100 1807 285 1885 κοιλῶματι
308 1803 368 1869 δύο
392 1804 540 1884 βάλανοι
564 1797 671 1885 ὀρθοῖ
701 1799 936 1885 έμβέβληνται,
967 1791 1014 1865 ῶν
1037 1802 1075 1866 αῖ
1094 1807 1157 1881 μὲν
1177 1807 1321 1887 πτέρναι

96 1925 132 1980 έν
156 1923 229 1988 τοῖς
251 1912 406 1994 χάσμασι
428 1918 502 1984 τοῖς
532 1904 661 1988 μεταξύ
693 1909 760 1970 τῶν
792 1903 939 1972 ὀδόντων
969 1912 1033 1972 τοῦ
1055 1904 1157 1990 ὀχέοις
1177 1906 1320 1994 έναρμό,

99 2023 227 2101 ζονται,
251 2017 339 2084 ῶστε
362 2017 423 2081 τόν
446 2013 671 2094 ὑποκείμενον
693 2007 772 2092 ὀχέα
790 2010 944 2099 ὀκένητον
959 2019 1080 2094 μένειν,
1106 2015 1143 2080 αἱ
1165 2016 1201 2079 δὲ
1221 2015 1319 2078 πλευ·

99 2131 160 2211 ραῖ
184 2125 221 2189 αῖ
244 2131 304 2189 τοῦ
328 2123 415 2206 πρὸς
437 2120 476 2184 τὸ
501 2121 596 2184 ένδον
626 2120 735 2184 νῶτον
766 2126 826 2184 τοῦ
848 2122 1008 2202 χελωνέου
1040 2117 1143 2198 εύθδς
1168 2122 1320 2204 ἐφαπτέ-

98 2255 204 2310 μευαι
227 2235 283 2293 καὶ
308 2223 455 2312 άκριβῶς
477 2230 534 2291 ἐπὶ
556 2229 624 2291 τῶν
648 2226 707 2291 δύο
730 2225 817 2312 πρός
841 2228 884 2290 τοὶ
908 2226 1036 2308 πλάγια
1053 2223 1147 2292 ὀπῶν
1171 2233 1321 2310 κειμενοι

100 2339 218 2417 έχουσι
239 2339 390 2417 βαθεῖαν
414 2335 591 2418 έχκαρσῖαν
614 2331 756 2418 ἐντομὴν
780 2333 867 2397 κατὰ
890 2332 929 2398 τὸ
949 2340 1063 2413 μέσον.
1113 2331 1228 2410 Οὕτως
1260 2323 1321 2399 ούν
1426 2317 1428 2322 ⁵

100 2441 140 2505 τό
162 2441 323 2522 χελύνιον
346 2446 658 2523 κατεσκευασμένον
681 2439 767 2524 πρδς
790 2439 832 2504 τά
857 2441 953 2504 ένδον
977 2443 1017 2532 τῇ
1038 2441 1133 2533 θύρην
1150 2441 1236 2504 κατὰ
1261 2440 1321 2526 την

98 2549 219 2632 ἑτέραν
241 2553 308 2611 τῶν
330 2549 567 2633 παραστάδων
583 2543 653 2612 άπὸ
672 2552 740 2612 τῶν
755 2549 930 2632 τεσσάρων
953 2545 1063 2634 ἄκρων
1079 2543 1321 2634 προσηλοῦται,

98 2648 185 2718 ὅταν
208 2652 227 2740 ἡ
250 2655 344 2739 θύρα
368 2644 387 2745 ᾗ
413 2653 521 2740 ἁπλῆ·
552 2659 611 2719 ἐπὶ
642 2657 679 2718 δὲ
709 2660 778 2719 τῶν
809 2652 1054 2740 συνδρομάδονν
1085 2660 1201 2741 θυρῶν
1232 2657 1320 2720 κατὰ

94 2761 136 2824 τό
160 2766 266 2840 μέσον
289 2767 351 2825 τοῦ
381 2768 495 2846 ἑτέρου
520 2765 587 2824 τῶν
610 2762 824 2845 θυρομάτοιν
846 2760 907 2825 τὸν
935 2757 1039 2826 αδτὸν
1060 2762 1191 2845 τρόπον
1214 2779 1321 2845 προσ-

94 2867 275 2953 ήρμοσται.
311 2863 464 2946 ’Ἐξωθεν
496 2870 531 2937 δέ
562 2872 619 2932 ἐπὶ
649 2874 706 2954 τῆς
736 2867 848 2954 θύρας
871 2867 957 2931 κατὰ
987 2867 1046 2954 την
1078 2869 1209 2953 χῶραν,
1233 2859 1318 2958 ᾗπερ

95 2974 136 3036 τό
166 2974 328 3054 χελῶνιον
357 2977 502 3040 ἔνδοθεν
534 2971 740 3056 ὀντέκειται,
779 2983 867 3061 τρεῖς
899 2965 1004 3050 αὖθις
1039 2971 1129 3050 ὀπάς
1167 2982 1317 3053 ποιοῦσι,

95 3086 180 3160 μίαν
202 3087 262 3160 μὲν
287 3080 370 3167 πρὸς
393 3090 433 3174 τῇ
465 3081 675 3165 παραστάδι,
705 3065 791 3168 ἥπερ
815 3081 893 3145 τῖσαι
917 3083 973 3145 ἐπὶ
1001 3081 1061 3168 τὴν
1084 3080 1236 3167 κεφαλήν
1258 3085 1320 3146 τοῦ

100 3181 200 3268 ὀχέως
233 3187 353 3272 διηκει,
393 3191 551 3274 δευτέραν
583 3192 617 3253 δὲ
655 3194 821 3253 τοσοῦτον
858 3190 916 3272 τῆς
954 3188 1088 3274 πρώτης
1117 3185 1319 3270 άπέχουσαν,

99 3289 182 3357 ὀσον
213 3293 250 3356 τὸ
281 3300 384 3378 μῆκος
414 3301 476 3359 τοῦ
507 3297 604 3358 ἔνδον
634 3303 888 3380 παρακειμένου
921 3292 1037 3377 ὀχέως·
1071 3296 1174 3379 διήκει
1207 3298 1319 3360 δὲκαὶ

57 3473 63 3486 1
100 3397 186 3484 αύτη
210 3401 265 3462 ἐπὶ
289 3401 347 3484 την
369 3409 431 3466 τοῦ
455 3398 558 3483 ὀχέως
581 3379 736 3486 πτέρναν.
783 3400 926 3474 Μεταξὺ
955 3403 989 3466 δέ
1017 3401 1227 3488 τούτουτὴν
1251 3405 1318 3487 τρὶ·

95 3529 157 3590 την
181 3493 285 3579 αύθις
308 3512 464 3590 ποιοῦσι,
495 3509 662 3593 τοσαύτην
692 3507 731 3570 τὸ
762 3513 883 3591 μῆκος,
915 3503 1041 3591 ὅσηπέρ
1071 3510 1163 3572 ἐστιν
1192 3506 1212 3594 ἦ
1233 3514 1318 3590 μέση

97 3611 165 3695 ὀπὴ
204 3606 223 3695 ἦ
255 3613 310 3674 ἐπὶ
341 3620 402 3677 τοῦ
434 3616 542 3680 νῶτον
572 3621 635 3679 τοῦ
665 3614 843 3696 χελωνύου,
882 3614 930 3688 εἰς
960 3611 1000 3700 ἣν
1037 3620 1093 3680 καὶ
1131 3618 1316 3680 διικνεῖται·

98 3715 295 3803 α’μφότεραι
325 3720 387 3803 γὰρ
419 3711 520 3787 αὗται
552 3722 589 3786 αῖ
620 3717 703 3785 ὀπαλ
735 3717 894 3806 άλληλαις
925 3719 1072 3808 άκριβῶς
1104 3719 1317 3789 ὀντέκεινται.

99 3829 165 3888 Καὶ
191 3823 246 3890 διά
272 3829 336 3903 μὲν
359 3832 427 3889 τῶν
451 3828 509 3892 δύο
535 3824 776 3917 α’φισταμένων
797 3835 925 3912 μικρῶν
952 3829 1240 3914 καῖ’στροχγύλων
1261 3835 1319 3913 τῆς

98 3930 210 4013 θύρας
234 3928 330 3996 ὀπῶν
361 3933 403 3996 τά
437 3928 524 4020 δι’κρα
555 3936 695 4014 ῖμάντος
725 3941 926 4021 ἐνεὶροοσιν,
958 3927 1005 4001 ὦν
1036 3937 1074 4000 τδ
1104 3941 1166 4014 μὲν
1196 3937 1230 3998 ἐκ
1260 3945 1318 4021 τῆς

99 4034 185 4120 ὀπῆς
207 4045 264 4123 τῆς
287 4040 371 4103 κατὰ
395 4040 455 4124 τη“υ
478 4049 625 4124 πτέρναν
639 4046 702 4106 τοῦ
725 4049 821 4124 ἐχέως
836 4048 1027 4130 ἐνειρμένον
1048 4045 1089 4132 τῇ
1113 4041 1254 4131 κεφαλῇ,
1277 4042 1316 4106 τὸ

99 4143 134 4206 δὲ
156 4147 190 4204 ἐκ
213 4147 269 4228 τῆς
292 4149 406 4232 ἑτέρας
430 4152 471 4240 κη’
493 4151 621 4232 πτέρνα
646 4145 752 4215 αὐτοῦ
766 4152 1001 4237 προσδέδεται,
1027 4145 1113 4214 ῶσκε
1137 4146 1317 4233 άμφύτερα

187 4377 213 4444 1)
234 4378 287 4430 σα.
311 4383 387 4446 ιοοο,
407 4383 451 4434 οε.
