3114 4810
678 275 722 338 43

82 455 293 532 παύσαντες,
318 445 359 514 οῦ
375 449 480 535 δηλοῖ,
505 443 613 530 οἶμαι,
635 451 692 512 καὶ
715 451 818 512 τοῦτο
842 447 888 532 μὴ
912 448 996 512 λδεῖν
1013 445 1137 523 αῦτοῦς
1154 451 1313 534 Πρίαμον

82 559 299 639 εἰσελθόντα,
323 556 369 632 οῖς
391 560 547 620 ἐναντίον
568 560 632 635 μὲν
651 551 818 638 Ἀχιλλέως
840 543 1069 638 καθημένους,
1093 557 1181 619 κατὰ
1204 555 1313 620 νότου

82 672 117 733 δὲ
141 669 204 752 τὴν
219 666 366 747 εῖσοδον,
391 662 476 728 ὅθεν
492 669 651 745 Πρίαμος
665 663 835 746 εἰσῆλθεν,
858 661 1019 742 δχονταςι
1044 661 1143 737 Εἰκὸς
1168 652 1229 726 οῦν
1251 661 1313 725 τόν

78 773 227 857 Ἀχιλλέα
252 771 350 857 παρά
373 775 423 854 τῴ
444 776 635 852 μεσοτοὶχω
666 771 850 853 καθῆσθαι
877 771 934 830 καὶ
956 769 1158 853 καταντικρῦ
1182 773 1230 844 εἰς
1251 773 1313 853 την

86 883 222 946 εἴσοδον
252 879 398 961 βλέπειν.
434 873 510 941 Ὅτι
541 873 576 940 δ’
606 867 652 939 οῦ
684 877 726 966 τῇ
755 877 867 966 χενικῇ
903 883 1040 956 ,τοίχου
1079 881 1140 939 τοῦ
1177 876 1312 961 ἑτέρου(

89 985 245 1068 οῦδαμιῦς
276 995 369 1050 ἐστιν
399 981 591 1064 ῦπολαβεῖν
621 981 683 1045 τόν
712 981 830 1066 δτερον
863 988 932 1044 τοῖν
969 987 1093 1064 τοίχων
1130 983 1312 1068 προστῴου

85 1096 178 1172 τινὸς
201 1093 269 1177 πρὸ
294 1096 351 1176 τῆς
379 1090 492 1173 θόρας
521 1085 754 1174 ῦπάρχοντος,
785 1087 931 1172 πάρεστι
962 1091 1018 1151 καῖ
1049 1092 1151 1154 τοῦτο
1182 1093 1313 1170 μαθεῖν

86 1209 122 1266 ἐκ
146 1203 204 1285 τῆς
228 1200 346 1282 διπλῆς
368 1201 505 1277 μνείας,
537 1186 574 1280 ἧς
597 1193 617 1279 ἦ
641 1192 726 1280 αῦτη
759 1194 886 1277 φράσις
908 1198 1003 1278 ἔτυχε
1026 1199 1103 1281 περὶ
1127 1193 1312 1281 πράγματα

89 1317 162 1382 τοῖς
184 1311 367 1392 εἰρημένοις
391 1302 507 1384 ὅμοιοι,
531 1301 622 1383 άπερ
637 1304 693 1364 καλ
713 1302 750 1366 ἐν
771 1304 812 1393 τῇ
830 1298 997 1383 Ἀχιλλέως
1013 1308 1115 1394 σκηνῇ
1137 1309 1263 1386 ἐγένετο
1275 1309 1311 1384 ¹).

90 1414 164 1499 Χρὴ
187 1415 247 1500 γὰρ
277 1417 333 1476 καὶ
364 1419 400 1476 δν
430 1416 472 1502 τῇ
493 1405 658 1490 Ἀχιλλέως
690 1413 810 1508 σκηνῇ,
842 1405 930 1472 καθ’
960 1406 1046 1496 άδη
1079 1399 1174 1474 οῦτοι
1200 1410 1313 1491 γιγνά·

90 1541 246 1601 σκουσιν,
280 1515 394 1600 οἵσπερ
417 1522 474 1581 καῖ
504 1518 542 1579 ἐν
564 1521 613 1598 τηῖ
634 1511 814 1588 Ὀδυσσέως
838 1511 1023 1600 άναιιτόρῳ,
1054 1519 1212 1581 τοιοῦτον
1242 1514 1312 1600 πρὸ

89 1631 146 1710 τῆς
171 1624 385 1707 άντιστοῖχου
417 1623 532 1710 θόροις
561 1625 745 1705 προστῴον
776 1621 914 1697 πάντως
943 1631 1051 1703 νοεῖν,
1084 1619 1143 1686 όίτε
1173 1624 1222 1698 δῖς
1248 1627 1312 1687 τοῦ

92 1737 206 1815 ἑτέρου
229 1738 341 1812 τοίχου
362 1733 670 1816 μνημονευομένου.
713 1723 795 1792 Ἀλλ’
817 1729 853 1792 ἐν
875 1734 938 1806 μὲν
960 1731 1002 1820 τῇ
1024 1734 1092 1792 τοῖν
1116 1725 1312 1815 ἀνακτόρων

92 1834 303 1921 άνδρωνίτιδι
332 1841 489 1912 τοιοῦτος
519 1831 791 1920 άρχιτεκτονικός
821 1835 948 1914 κόσμος
976 1831 1015 1900 οῦ
1046 1838 1203 1920 περιττὸς
1232 1832 1309 1902 οῦδ’

91 1940 314 2031 άνάρμοστος,
338 1946 431 2008 εῖποι
454 1967 506 2019 τις
529 1941 573 2007 άν
597 1942 688 2022 ἴσως,
712 1941 752 2006 τῦ
777 1944 813 2006 δὲ
843 1947 899 2006 καὶ
922 1943 957 2006 ἐν
980 1951 1055 2019 ταῖς
1077 1946 1145 2008 τιῦν
1168 1963 1310 2026 στρατο-

88 2055 198 2116 πέδων
221 2060 358 2137 σκηναῖς
381 2055 437 2113 καὶ
460 2050 609 2130 μάλιστα
633 2053 701 2114 των
723 2049 854 2130 χρόνων
876 2055 1009 2114 ἐκείνων
1032 2055 1178 2118 τοιαῦτα
1203 2051 1312 2136 ζητεῖν

88 2160 314 2223 παντάπασιν
339 2151 472 2218 άτυπον
503 2158 610 2237 ’ἑμοιγε
636 2159 738 2220 δοκεῖ.
783 2153 957 2220 Ἐντεῦθεν
987 2147 1047 2220 οῦν
1071 2158 1232 2243 φανερόν,
1257 2155 1311 2222 ὅτι

88 2265 133 2327 τά
164 2269 241 2347 περὶ
269 2267 330 2325 τοῦ
362 2263 471 2342 μυχοῦ
500 2266 558 2345 τῆς
588 2259 827 2346 άνδρωνίτιδος
863 2262 1017 2347 συνήθως
1055 2263 1216 2346 λεγόμενα
1249 2261 1310 2327 οῦκ

94 2364 205 2453 άληθῆ
242 2373 341 2432 ἐστιν.
398 2363 491 2432 Ἀλλά
529 2373 605 2451 περὶ
650 2370 773 2433 τοῦτον
812 2368 955 2452 ὕστερον
993 2370 1037 2434 τά
1074 2368 1188 2434 εἰκότα
1227 2371 1309 2455 ἐροῦ·

89 2474 247 2554 ἐπάνειμι
271 2472 305 2538 δ’
327 2463 429 2549 οιῦθις
451 2479 507 2539 ἐπὶ
529 2476 611 2551 τοῦς
633 2483 759 2558 κίονας,
784 2474 870 2542 ὅθεν
892 2480 1013 2563 ἐξέβην.
1072 2545 1084 2556 ,

526 2651 658 2714 Διάθεσις
676 2654 731 2709 τόν
751 2651 867 2712 Κιόνων.

170 2795 244 2859 Νῦν
276 2795 310 2858 δὲ
349 2793 409 2880 τὴν
448 2795 563 2882 χώραν
593 2802 656 2861 τοῦ
685 2800 800 2882 ἑτέρου
839 2804 907 2862 τοῖν
943 2804 980 2861 ἐν
1017 2803 1057 2888 τῇ
1096 2794 1308 2882 άνδρωνίτιδι

90 2900 200 2964 κιόνων
230 2898 347 2985 εῦρεῖν
377 2902 589 2990 ἐπιχειρήσω.
646 2900 780 2969 Ου’κοῦν
811 2908 866 2968 καλ
898 2905 1058 2990 πρόσθεν
1080 2903 1213 2989 εῖρηταί
1232 2927 1307 2984 μοι,

88 3003 255 3091 ότιὲνμὲν
278 3011 319 3097 τῇ
339 3004 481 3073 Ἀλκίνου
505 3015 651 3094 μέσσῳ
677 3001 1308 3100 δοιτιιμόνωνῆν,.ῖνθαδάοιδὸς
1332 3061 1336 3078 .

84 3117 271 3197 Δημόδοκος
307 3114 424 3200 ἵδρυτο
436 3123 475 3197 ²),
514 3117 549 3178 ἐν
581 3120 617 3181 δὲ
646 3121 686 3210 τῇ
713 3114 895 3193 Ὀδυσσέως
930 3119 966 3181 ἐν
997 3120 1101 3211 ἐκείνη
1133 3121 1174 3210 τῇ
1202 3118 1306 3202 χάρηι,
1406 3145 1409 3149 ·

90 3220 119 3281 ἐν
145 3211 162 3310 ᾗ
194 3222 212 3287 δ
237 3206 437 3310 Τηλέμαχος
469 3223 622 3307 ἐκάθητο
633 3232 670 3304 ³).
714 3223 872 3308 Ἡγοῦμαι
895 3229 1013 3307 μέντοι
1042 3226 1087 3310 μη
1111 3225 1217 3306 μόνον
1248 3220 1307 3288 αῦ-

90 3331 161 3408 τοῦ,
198 3328 285 3395 άλλά
331 3335 386 3393 καλ
419 3329 559 3394 πάντων
590 3334 657 3394 τιόν
697 3328 806 3397 ἄλλων
844 3333 963 3398 κιόνων
1001 3331 1059 3417 την
1097 3339 1134 3395 ἐν
1171 3337 1211 3422 τῇ
1249 3326 1307 3394 άν-

86 3433 243 3515 δρωνλτιδι
283 3437 463 3517 διάθεσιν,
504 3431 584 3517 όςγε
622 3439 697 3516 ἐμοὶ
728 3444 904 3521 φαίνεται,
940 3439 986 3524 μὴ
1025 3433 1068 3502 άν
1106 3434 1215 3514 άλλως
1246 3459 1306 3502 σα-

85 3551 245 3626 φεστέραν
285 3544 447 3627 ποιήσειν
485 3535 506 3628 ἢ
544 3533 608 3608 ὦδε
645 3545 869 3632 σκεψάμενος.
920 3542 996 3610 Ἐάν
1035 3537 1095 3610 οῦν
1133 3541 1204 3610 άπὸ
1244 3547 1306 3610 τοῦ

84 3648 173 3729 παρὰ
203 3653 246 3741 τῇ
277 3649 411 3732 ἐσχάρα
442 3657 571 3731 κίονος,
603 3646 642 3714 όν
673 3657 820 3732 τοῦμὲν
843 3653 996 3729 πλάτους
1018 3653 1105 3718 κατά
1128 3652 1167 3719 τὸ
1191 3655 1306 3736 τρλτον

82 3760 186 3835 μέρος,
225 3761 289 3820 τοῦ
332 3754 368 3816 δὲ
406 3756 531 3838 μήκους
561 3761 649 3821 κατὰ
687 3758 726 3822 τὸ
765 3764 929 3842 τέταρτον
958 3760 1108 3840 μάλιστα
1141 3760 1306 3844 ἱδρῦσθαι

84 3850 238 3942 ἡγοῦμαι,
279 3858 396 3944 ὥσπερ
435 3863 468 3925 ἐκ
508 3872 645 3950 σημείου
684 3866 776 3941 τινός
806 3863 949 3930 εῦθεῖαν
978 3868 1184 3952 ἑκατέρωθεν
1221 3885 1305 3949 προ-

83 3967 233 4042 εκβαλεῖν
263 3967 509 4052 βουληθῶμεν,
549 3967 634 4035 ὥστε
670 3975 710 4038 τὸ
741 3979 803 4051 μὲν
833 3974 1042 4060 βραχύτερον
1072 3968 1174 4057 αῦτης
1203 3980 1305 4057 με’ρος

84 4071 127 4142 εἰς
156 4072 217 4136 τὸν
246 4076 453 4156 μεσότοιχον
484 4077 626 4162 διήκειν,
656 4079 694 4144 τὸ
720 4081 756 4144 δὲ
779 4080 989 4164 μακρότερον
1013 4081 1059 4153 εὶς
1082 4080 1141 4144 τὸν
1165 4075 1304 4142 άντικεί·

82 4193 180 4247 μενον
202 4185 259 4244 καῖ
282 4182 501 4270 παράλληλον
531 4179 626 4267 αῦτηῖ
655 4195 790 4268 τοῖχον,
822 4182 869 4250 δι’
894 4175 974 4269 οῦῆ
1002 4187 1130 4259 ἔξωθεν
1161 4186 1304 4266 εἴσοδος,

86 4323 283 4344 Q—,ffi'

170 4407 195 4473 1)
214 4402 256 4462 ’τι
278 4415 298 4464 1.
319 4417 381 4469 κιο.
402 4419 439 4469 ιι.
461 4422 523 4473 598.
580 4419 607 4485 ε)
624 4414 674 4470 ὀδ
696 4420 728 4470 ο.
749 4422 810 4471 473.
868 4419 894 4484 ε)
912 4416 964 4470 οι.
987 4421 1023 4469 φ.
1045 4422 1106 4473 τοι.
