3114 4810
362 1347 472 1418 ΠΕΡΙ
503 1345 604 1416 ΤΗΣ
634 1342 743 1418 ΚΑΘ
774 1343 982 1420 ΟΜΗΡΟΝ
1012 1341 1196 1418 ΟΙΚΙΑΣ.

258 1841 333 1901 Τῶν
350 1841 474 1916 οἰκιῶν,
498 1826 544 1902 ’ῶν
557 1832 704 1922 ’Όμηρος
727 1841 851 1910 ἐντοῖς
868 1835 1038 1922 ποιήμασι
1055 1839 1230 1918 μέμνηται,
1254 1835 1315 1909 τὰς
1329 1841 1392 1914 μὲν

161 1947 235 2008 τῶν
260 1945 400 2008 ἰδιωτῶν
425 1941 587 2024 ουίἰεμιάς
611 1966 678 2006 που
701 1946 819 2021 μνείας
842 1937 979 2026 η’ξίωσε,
1003 1940 1045 2005 τά
1072 1941 1107 2004 δὲ
1130 1946 1198 2005 τῶν
1219 1941 1392 2022 βασιλέων

162 2049 342 2134 άυάκτορα
367 2055 493 2131 πᾶσιν,
512 2044 563 2124 οἷς
585 2047 606 2133 ἡ
629 2053 766 2134 ποίησις
788 2051 854 2130 ἔχει
876 2049 1003 2130 καλοῖς,
1034 2053 1091 2112 ἐπὶ
1114 2047 1153 2112 τὸ
1178 2047 1294 2128 μεῖζον
1317 2047 1391 2110 ἰκό·

163 2179 271 2243 σμησε
295 2157 427 2241 μακρὸν
451 2158 594 2220 ἔπαινον
627 2151 668 2218 οῶ
689 2155 796 2234 μόνον
819 2157 880 2218 τοῦ
904 2154 1047 2229 κάλλους
1078 2159 1135 2218 καί
1157 2157 1214 2238 τῆς
1236 2152 1391 2238 λαμπρό-

163 2287 264 2349 τητος
289 2258 420 2342 αὐτῶν,
454 2259 541 2327 άλλὰ
572 2265 628 2324 καί
658 2267 720 2324 τοῦ
742 2259 894 2324 πλούτου
917 2263 984 2324 τῶν
1007 2259 1226 2324 ἐνοικούντων
1250 2260 1391 2334 ιίιεξιῶν.

168 2370 221 2434 Τά
244 2369 307 2454 γάρ
331 2369 452 2449 πλείω,
484 2358 531 2432 ῶν
561 2369 597 2432 ἐν
625 2363 739 2432 Ἰλιάδι
762 2370 821 2430 καί
849 2363 1025 2448 Ὀδυσσείᾳ
1049 2372 1125 2450 περί
1148 2369 1206 2452 τῆς
1229 2366 1392 2452 Πριάμου
1440 2433 1445 2446 ,

163 2480 221 2540 καί
244 2476 425 2542 Μενελάου
456 2481 512 2540 καί
541 2471 684 2539 Ἀλκίνου
709 2474 818 2548 οἰκίας
845 2474 969 2562 εἴρηκε,
1000 2473 1147 2538 τοιαῦτά
1170 2475 1271 2537 ἐστιν.
1316 2469 1393 2538 Ἀλλ’

163 2583 254 2669 εἰπερ
278 2607 329 2658 τις
359 2582 420 2646 τὸν
450 2581 627 2666 ποιητικὸν
658 2581 788 2660 κόσμον
820 2577 920 2664 άφείς
950 2588 1024 2654 τοῖς
1053 2577 1299 2662 ὑπολειφθεῖσι
1321 2581 1392 2644 τῶν

162 2691 349 2771 λεγομένων
379 2689 579 2774 χρησασθαι
610 2688 790 2770 βούλοιτο,
819 2687 877 2752 ἵνα
910 2682 1011 2760 αὐτὸς
1034 2686 1128 2772 ’πρὸς
1157 2685 1217 2772 την
1241 2681 1391 2773 α’ρχαίαν

163 2800 222 2859 καί
244 2801 381 2879 γνησίαν
404 2793 468 2859 τοῦ
498 2797 644 2880 ποιητοῦ
674 2797 767 2858 ἰδέαν
797 2793 841 2858 τὰ
873 2799 931 2878 τῆς
963 2799 1070 2868 οἰκίας
1093 2793 1310 2872 καταμαθὼν
1333 2796 1390 2857 καί

133 2975 137 2989 ⁴
165 2900 282 2975 άλλοις
306 2905 422 2983 σαφῶς
448 2907 505 2965 καί
530 2897 572 2976 ῶς
596 2903 632 2964 ἐν
655 2901 756 2965 εἰκόνι
780 2902 988 2978 ἐπιδείξειεν,
1012 2900 1060 2974 εἰς
1080 2899 1208 2984 πολλὴν
1232 2896 1275 2964 άν
1292 2894 1390 2979 οἶμαι

164 3011 222 3072 καί
243 3008 389 3091 μεγάλην
412 3004 561 3094 άπορίαν
585 3003 690 3072 αὐτὸν
707 3014 884 3088 ἐμπεσεῖν,
909 3003 968 3070 οιίκ
984 3006 1099 3070 εἰιίιίτα
1117 3001 1137 3070 ὅ
1152 3030 1186 3069 τι
1209 3011 1266 3071 καὶ
1286 3007 1391 3088 λέγειν

162 3115 340 3196 πολλαχοῦ
357 3111 375 3178 ὁ
392 3115 530 3200 ποιητὴς
549 3114 725 3195 βούλεται·
751 3109 856 3188 οὕτως
873 3109 992 3198 άπορα
1008 3115 1064 3176 καί
1081 3109 1201 3198 άσαφῆ
1216 3113 1260 3176 τά
1277 3113 1390 3178 πολλὰ

163 3217 274 3286 αὐτῶν
297 3221 451 3304 τυγχάνει
476 3218 570 3286 ὅντα.
614 3218 687 3286 Ἵνα
705 3223 740 3285 δὲ
754 3222 885 3307 μηδείς,
919 3216 1052 3301 άγνοῶν
1075 3219 1154 3294 ίοως
1177 3219 1237 3304 την
1261 3223 1387 3302 αἰτίαν,

164 3324 336 3418 άπορήση,
362 3325 455 3403 ὅπως
478 3334 561 3392 ποτὲ
585 3333 788 3414 συμβέβηκε,
818 3331 956 3410 ποίησιν
987 3326 1135 3409 μεγάλην
1164 3328 1219 3390 καί
1250 3327 1389 3400 ἔνδοξον

164 3433 288 3518 οἵαπερ
312 3433 332 3519 ἡ
352 3433 510 3521 Ὁμήρου,
542 3432 629 3499 οὕτω
655 3435 792 3520 σφόδρα
816 3433 985 3516 ἐντούτῳ
1010 3429 1285 3514 άπολείπεσθαι,
1308 3434 1389 3513 βοά-

161 3541 268 3621 λομαι
292 3547 445 3606 ἐνταῦθα
463 3541 506 3617 ῶς
532 3536 658 3606 οἷόντε
682 3539 739 3604 διά
761 3544 918 3624 βραχίων
940 3539 1003 3624 την
1027 3544 1140 3604 αἰτίαν
1155 3545 1212 3624 τῆς
1231 3539 1396 3628 τοιαύτηςΙ

162 3643 339 3730 άσαφείας
354 3649 472 3713 εἰπεῖν.
519 3651 663 3733 Πρῶτον
678 3652 741 3728 μὲν
765 3637 827 3710 οὖν
850 3645 960 3710 αίίιον
989 3652 1050 3712 τοῦ
1072 3646 1241 3732 μὴμόνον
1264 3645 1307 3710 τὰ
1330 3652 1390 3732 τῆς

159 3759 289 3836 οἰκίας,
322 3749 410 3818 άλλά
438 3759 494 3820 καί
526 3752 614 3819 ἄλλα
644 3753 757 3818 πολλά
787 3758 848 3818 τοῦ
879 3757 957 3834 βίου
988 3758 1056 3818 τῶν
1085 3753 1163 3818 τότε
1192 3748 1389 3838 άνθρῶπωυ

161 3857 250 3946 ἡμᾶς
274 3857 417 3942 άγνοεῖν,
440 3862 499 3947 τὴν
522 3868 660 3946 ποίησιν
683 3856 789 3945 αῶεηυ
811 3856 966 3944 ἡγοῦμαι.
1015 3860 1057 3924 Οἰ
1080 3861 1141 3946 γάρ
1165 3861 1306 3944 ποιηταί
1329 3865 1387 3944 τῆς

163 3973 240 4051 περὶ
270 3967 313 4032 τά
343 3967 440 4032 κοινά
473 3972 529 4032 καί
560 3967 692 4054 συνήθη
724 3967 909 4052 πράγματα
942 3965 1116 4054 άκριβείος
1148 3961 1387 4051 ὀλιγωροῦντες

160 4073 272 4138 ἐκεῖνα
304 4074 395 4153 μόνα
427 4074 532 4158 λέγειν
562 4075 835 4162 προαιροῦνται,
875 4069 963 4158 άπερ
1001 4071 1064 4148 τάς
1094 4077 1162 4136 τῶν
1193 4067 1387 4137 άκουάυτων

160 4181 275 4269 ψυχάς
305 4187 442 4266 τέρπειν
475 4181 627 4246 δυ’ναται.
676 4177 744 4246 Οῶκ
773 4182 866 4244 ἔστιν
890 4175 958 4266 ἄρα
989 4179 1104 4244 πάντα
1136 4174 1281 4264 άκριβῶς
1303 4173 1387 4266 παρ’

159 4283 276 4351 αὐτῶν
290 4293 419 4368 μαθεῖν
437 4285 514 4354 οὐδὲ
531 4285 700 4371 άπαιτείυ,
726 4284 792 4352 ὅσα
810 4283 853 4352 άν
869 4289 904 4352 ἐν
920 4295 994 4362 τοῖς
1010 4290 1202 4372 ποιήμασιν
1217 4285 1386 4374 εἰρηκότες

156 4394 382 4477 τυγχάνωσιν,
413 4391 533 4462 ἅπαντ’
565 4397 612 4472 εἰς
642 4394 681 4462 τὸ
712 4393 926 4462 λεπτότατον
958 4391 1267 4482 άκριβολογείσθαι,
1300 4389 1319 4458 ὃ
1343 4393 1382 4478 δη
