3114 4810
707 227 746 288 15

22 421 25 438 ¹
118 387 230 490 θύρας
254 394 359 476 αὖθις
383 402 517 464 καὶτοῦ
540 397 635 462 οῖ’κου
659 405 783 476 ἐποίει,
808 398 868 482 τήν
883 398 918 461 δέ
933 401 1050 481 ἑτέραν
1068 396 1100 460 οἰ
1115 399 1224 471 κίονες
1241 393 1342 462 αότοί

7 529 15 564 7
116 511 208 574 κατὰ
235 507 448 591 διαστήματα
472 505 657 585 ἱστάμενοι,
690 501 737 567 δι’
762 493 806 568 αἷν
830 503 864 566 τὸ
889 509 960 586 φαῖς
985 501 1054 568 άπὸ
1079 508 1142 567 τοῦ
1164 501 1342 589 ύπαίθρου

7 655 9 662 v
115 621 174 703 τῆς
199 611 302 700 αύλης
326 613 385 698 τήν
407 609 535 696 ἡμέραν
557 608 761 692 όπεδέχοντσ
775 615 811 692 ¹).
850 609 997 674 Πάντων
1013 612 1049 674 δὲ
1064 615 1132 700 τῶν
1147 616 1183 674 ἐν
1199 613 1239 701 τῇ
1256 607 1345 702 αύλή

7 765 11 775 ·
116 723 240 786 κιόνων
272 723 364 785 δυοῖν
385 716 531 804 Ὅμηρος
562 725 681 796 μνείαν
711 725 873 797 ποιεῖται,
907 705 952 780 ὧν
983 711 1000 780 ὁ
1031 722 1091 795 μὲν
1114 722 1171 800 τη”ς
1195 715 1345 799 αὐλείου,

119 827 138 892 δ
164 830 198 891 δὲ
223 833 277 912 τής
299 831 359 890 τοῦ
387 826 494 906 δόμου
520 825 688 910 αἰθούσης
712 809 812 887 ἐστίν.
854 826 918 887 Καί
938 825 1017 908 περὶ
1034 827 1162 887 ἐκείνου
1178 823 1344 904 μὲνμετὰ

117 933 235 1017 μικρὸν
265 933 346 1018 ἐρῶ,
386 939 463 1018 περὶ
496 932 618 996 τούτου
650 931 683 992 δὲ
714 929 935 1012 γιγνώσκομεν
964 928 1056 993 τάδε.
1109 936 1252 1011 Λέγεται
1283 931 1342 1015 γὰρ

59 1065 63 1071 ’
120 1041 316 1124 Τηλέμαχον
341 1042 376 1103 ἐκ
400 1041 463 1102 τοῦ
488 1035 594 1124 α’γροῦ
617 1035 767 1100 ἐλθόντα
784 1037 831 1110 εἰς
855 1036 913 1120 τήν
938 1041 1046 1099 οἰκίαν
1070 1041 1149 1120 πρὶν
1172 1038 1346 1102 εἰσελθεῖν

114 1151 168 1211 ἐτι
202 1153 249 1222 εἰς
279 1148 338 1232 τήν
371 1142 725 1230 άνδρωνὶτινστήσαι
764 1147 898 1227 πρῶτον
929 1141 968 1205 τδ
1007 1145 1097 1224 ἐγχος
1128 1141 1212 1225 πρὸς
1243 1149 1344 1207 κίονα

115 1255 258 1337 μακρόν,
283 1249 318 1328 ὃς
344 1253 429 1316 κατὰ
454 1253 492 1316 τὸ
517 1249 696 1336 πρόθυρον
712 1252 767 1333 τῆς
785 1245 1021 1330 άνδρωνίτιδος
1044 1239 1092 1333 ἦν,
1117 1245 1191 1312 εἶτα
1209 1251 1244 1313 δέ
1261 1251 1344 1315 εἵσω

118 1365 288 1444 χωρῆσαι,
329 1356 418 1424 ὅπου
449 1357 469 1444 ή
499 1357 622 1443 μήτηρ,
658 1353 677 1441 ή
707 1351 896 1438 Εύρύκλεια
934 1359 991 1418 καί
1023 1357 1058 1419 αἱ
1089 1358 1197 1432 δμωαί
1238 1353 1344 1436 αότόν

117 1463 354 1547 α’σπάζονται,
386 1468 471 1548 μετά
506 1467 540 1528 δὲ
561 1463 681 1546 μικρόν
704 1462 889 1536 ἐξελθόντα
914 1462 1019 1526 πάλιν
1042 1463 1162 1544 λαβεῖν
1187 1459 1257 1527 άπὸ
1281 1467 1345 1527 τοῦ

119 1571 230 1637 αύτού
254 1578 366 1648 κίονος
389 1573 426 1636 τὸ
451 1575 586 1654 ἐγχαςέ).
636 1574 824 1634 Φαίνονται
852 1569 887 1632 δέ
912 1569 947 1631 αἰ
972 1569 1143 1633 α’ίθουσαι
1167 1565 1220 1652 ἐφ’
1245 1569 1344 1633 άπαν

118 1679 159 1742 τὸ
191 1683 297 1765 μήκος
328 1681 484 1761 ἐκατέρου
518 1683 583 1741 ταῖν
620 1681 741 1756 τοίχων
782 1675 966 1759 διήκουσαι.
1020 1677 1130 1760 Δήλου
1170 1681 1206 1740 δέ
1238 1679 1344 1740 τοῦτο
1441 1686 1445 1694 ’

121 1792 267 1868 γίγνεται
291 1787 326 1858 ἐξ
350 1775 394 1846 όν
417 1781 560 1868 Ὅμηρος
583 1787 661 1868 περὶ
683 1788 746 1846 τού
776 1789 812 1846 ἐν
835 1786 876 1872 τή
898 1787 1001 1864 γωνίᾳ
1025 1788 1083 1867 τής
1107 1779 1210 1869 αόλής
1233 1789 1346 1860 κίονος

114 1892 234 1976 εἴρηκε.
266 1891 367 1954 Μετά
390 1890 451 1974 γάρ
476 1889 536 1954 τόν
562 1891 668 1971 φόνον
690 1891 756 1952 ταῖν
779 1891 977 1975 μνηστήρων
993 1889 1205 1973 ἐξαγαγόντες
1222 1893 1269 1966 εἰς
1284 1890 1345 1975 τήν

113 1988 223 2082 αύλήν
253 1996 315 2070 τοῖς
345 1993 512 2070 άπίστσυς
536 1998 790 2080 θεραπαινίδας
821 1997 949 2076 μεταξὺ
981 2000 1037 2082 τής
1067 1997 1176 2061 θόλου
1200 2003 1345 2062 καὶτοῦ

111 2107 234 2185 τοίχου
257 2105 314 2186 τῆς
330 2099 466 2166 αύλείου
483 2101 596 2187 θύρας
620 2101 804 2164 εἰλοῦσιν
827 2108 868 2164 ἐν
893 2108 1059 2184 στείνει,
1084 2099 1183 2168 ὅθεν
1209 2100 1344 2178 οόπως

110 2201 160 2296 ἦν
185 2205 329 2284 άλύξαι
354 2215 402 2289 (ἐν
426 2212 466 2300 τῇ
489 2215 615 2288 γωνία),
641 2203 715 2270 εἶτα
741 2211 776 2270 δέ
800 2216 933 2286 πεῖσμα
958 2209 1039 2284 νειδς
1064 2205 1134 2273 α’πδ
1152 2216 1214 2274 τοῦ
1228 2216 1346 2286 κίονος
1412 2233 1416 2240 ·

113 2323 151 2390 ἐς
182 2317 241 2398 τήν
278 2315 390 2380 θόλον
428 2313 617 2403 ἐξάψαντες
654 2317 710 2376 καί
741 2312 886 2398 βρόχους
918 2323 989 2390 τοῖς
1020 2316 1197 2400 τραχήλοις
1228 2313 1347 2382 αόταῖν

115 2423 351 2510 περιάψαντες
369 2419 439 2487 άπδ
464 2425 526 2486 τοῦ
542 2427 731 2500 πείσματος
749 2417 989 2507 οἷναρταῖσινῖ).
1019 2419 1089 2488 Ἵνα
1108 2412 1168 2487 οὖν
1193 2423 1227 2488 οἱ
1241 2431 1343 2489 τοῦτο

111 2529 320 2614 ποιήσαντες
352 2527 422 2594 άπδ
454 2535 514 2593 τοῦ
545 2529 581 2592 ἐν
610 2533 651 2620 τή
681 2534 783 2610 γωνίᾳ
815 2534 926 2604 κίονος
958 2529 996 2593 τό
1027 2539 1158 2610 πεῖσμα
1182 2531 1348 2604 ἐξάπτειν

111 2637 292 2720 δύναιντο,
316 2637 451 2710 πάντως
476 2635 584 2718 δήπου
608 2635 678 2698 αίτε
703 2635 867 2700 αι’θουσαι
892 2641 949 2700 καὶ
974 2637 1004 2700 οἰ
1028 2640 1138 2711 κίονες
1160 2643 1254 2723 μέχρι
1277 2641 1344 2702 τῶν

111 2745 274 2830 περάτων
296 2749 364 2816 ταῖν
394 2747 532 2823 τοίχων,
563 2745 650 2806 ἐ’νθα
682 2743 717 2805 αἱ
744 2747 878 2824 γωνίαι,
912 2739 1132 2828 ᾠκοδόμηντο.
1180 2742 1283 2808 Ἔνιοι
1307 2747 1343 2807 δὲ

113 2853 183 2914 τοῖν
206 2853 412 2936 ἑρμηνευταῖν
436 2849 495 2934 τήν
519 2848 626 2912 θόλον
651 2844 690 2912 ού
714 2849 810 2932 παρά
834 2855 875 2935 τῆ
902 2853 1022 2931 γωνίᾳ,
1056 2845 1142 2913 άλλδι
1173 2851 1268 2936 παρά
1302 2861 1345 2942 τῇ
1376 2879 1380 2887 ·

117 2959 174 3040 τῆς
204 2958 369 3040 αἰθούσης
400 2957 541 3040 πλεύρηῖ,
570 2951 590 3038 ἢ
622 2955 707 3041 πρὸς
737 2959 777 3044 τῇ
802 2951 924 3039 αύλείιρ
957 2955 1049 3042 θύρᾳ
1080 2947 1136 3041 ἦν,
1168 2957 1348 3044 ἱδρυμένην

116 3073 273 3138 νοοῦντες
298 3067 355 3127 καί
385 3061 444 3126 τὸν
474 3065 590 3141 κίονα,
622 3057 666 3135 αῖς
696 3061 735 3125 τὸ
768 3061 872 3142 εἰκός,
904 3065 1058 3126 ἐνταῦθα
1088 3069 1145 3148 τής
1177 3064 1346 3150 αἰθούσης

119 3172 342 3252 συνιδρῦσθαι
358 3169 552 3252 βούλονται,
580 3162 661 3242 αῖςτε
677 3167 805 3250 μεταξύ
825 3161 1014 3253 ’τήςθόλον
1031 3173 1158 3255 καὶτῆς
1176 3171 1343 3254 αἰθούσης

124 3277 237 3362 στενήν
253 3277 368 3342 δίοδον
384 3271 482 3357 εἶναι,
501 3280 547 3352 εἰς
564 3271 604 3356 ἢν
622 3276 657 3338 αἱ
673 3276 917 3359 θεραπαινίδες
934 3281 1217 3360 συνωθοῦνταιί).
1246 3272 1343 3342 Ἀλλσί

122 3380 227 3471 ταότη
249 3391 286 3475 τῇ
317 3389 474 3470 ερμηνείηι
504 3378 660 3465 ἄντικρυς
683 3380 739 3462 τό,
773 3377 881 3445 ὅθεν
913 3378 959 3446 ού
990 3407 1076 3458 πως
1105 3372 1153 3467 ἧν
1185 3379 1346 3460 άλόξαι

119 3483 324 3570 άντίκειται,
355 3487 374 3554 ὅ
404 3515 437 3571 γε
470 3484 508 3552 ού
540 3490 671 3568 δίοδον,
704 3483 791 3551 άλλά
822 3494 943 3570 γωνίαν
973 3489 1110 3564 πάντως
1142 3487 1345 3576 ὑποτίθησι,

116 3601 246 3678 Σαφῶς
270 3596 304 3658 δέ
327 3599 380 3660 καί
405 3593 554 3662 άλλοθεν
585 3593 624 3658 τὸ
656 3599 723 3657 τῶν
746 3595 921 3660 αἰθουσῶν
951 3604 1056 3681 μῆκος
1083 3597 1253 3682 δηλοῦται.
1299 3605 1345 3662 Εἰ

116 3701 177 3788 γάρ
194 3701 263 3788 πρό
289 3708 357 3766 τῶν
373 3707 488 3789 θυρῶν
503 3701 616 3780 μόνων
630 3709 687 3785 τής
710 3699 812 3787 αύλής
828 3706 883 3766 καὶ
900 3705 959 3767 τοῦ
976 3703 1069 3768 οἰκου
1087 3701 1345 3787 ηἰκοδσμημίνατ

116 3798 217 3893 ἦσαν,
251 3803 310 3874 ούκ
336 3805 380 3874 άν
403 3807 588 3883 τοσούτους
610 3831 644 3888 γε
669 3808 807 3891 νεκροὺς
830 3819 898 3874 ταῖν
920 3811 1117 3897 μνηστήρων
1140 3806 1201 3874 σῖτ’
1233 3805 1345 3886 αότάς

120 3915 376 4003 ἑξεφόρησανὸ),
409 3912 485 3980 οὐδὲ
509 3919 661 3980 τοσαῦτα
685 3916 783 4000 κτήνη
808 3918 960 3982 ἐνταῦθα
990 3917 1224 4000 κατέδησανθγ
1255 3913 1346 3981 οὕτω

119 4093 328 4106 -..—-.—

164 4187 166 4192 '
208 4180 234 4255 1)
254 4185 378 4236 Lexieon
397 4186 477 4235 Hom.
498 4185 616 4250 Ebeling
634 4185 689 4240 σελ.
710 4188 754 4238 48.
883 4186 910 4252 2)
928 4177 979 4243 ³⁰6,
1000 4187 1028 4234 P.
1050 4183 1156 4235 28-40
1176 4183 1221 4236 καί
1240 4189 1340 4238 61-2.

113 4267 143 4340 3)
164 4263 215 4326 ὀυ
236 4277 274 4324 x.
297 4275 432 4326 ιτε-ετ.
529 4269 559 4344 4)
579 4273 670 4326 Ameis
690 4275 720 4326 ιν
737 4269 786 4327 ὀυ
808 4278 845 4325 x.
866 4277 928 4335 με,
949 4275 1011 4324 460.
1104 4271 1131 4339 ι)
1150 4265 1199 4326 ὀυ
1221 4279 1256 4326 x.
1276 4277 1342 4324 κιο.

112 4356 142 4426 ε)
158 4353 212 4411 ’σε
232 4365 265 4411 Y.
288 4365 346 4420 πε,
370 4365 430 4414 189.
