3114 4810
713 242 750 305 71

123 421 398 484 commentationis
423 417 463 483 de
485 416 557 482 aed.
581 417 679 481 Hom.
704 438 736 502 p.
769 417 910 481 29-30.
961 407 1106 476 Εδσιαθ
1136 413 1180 477 ἐν.
1210 408 1273 476 Ὀδ.
1308 417 1346 492 Τ,

123 541 205 604 στιχ.
231 533 283 593 37.
313 525 383 589 ool.
411 531 511 590 1855:
544 521 731 604 Μτσόδμαι
763 521 798 586 δὲ
822 517 861 584 οὐ
883 519 990 602 μόνον
1013 519 1070 582 ἐπὶ
1097 525 1182 584 νεῶν
1206 518 1243 582 αἱ
1265 540 1345 604 προ-

122 628 346 712 δηλιοθοῒσαι,
378 625 449 694 ἀλλ’
480 628 555 696 loco
581 631 637 692 καὶ
669 627 762 692 οἴκου
785 626 972 708 μεσόδμαι,
995 625 1038 690 τοὶ
1062 624 1253 707 μοσόστνλα
1275 621 1347 688 κατ’

117 729 337 824 Ἀρίσταρχον.
398 734 484 802 Καθ’
515 737 644 822 ἑτέρους
683 735 718 798 δὲ
748 733 792 797 τὰ
822 733 947 816 μεταξὺ
979 739 1046 798 τῶν
1077 733 1193 796 δοκῶν.
1241 728 1345 796 Ἔνιοι

121 841 156 904 δὲ
188 843 431 930 διαφράγματα
469 839 490 928 ἢ
527 845 586 908 καὶ
617 840 831 926 διαστήματα
861 838 987 922 μεταξὺ
1025 845 1093 904 τῶν
1122 843 1260 920 κιόνων,
1303 837 1345 919 ol,

120 954 217 1030 φασί,
241 955 319 1035 περὶ
341 951 417 1028 τοὺς
440 953 572 1032 τοίχους
594 937 692 1032 ἦσαν.

209 1057 320 1124 Schol.
343 1057 457 1122 Amhr.
489 1057 525 1119 lv
544 1051 608 1120 Ὀδ.
634 1061 679 1136 Τ,
711 1071 794 1134 στιχ.
827 1062 867 1120 37
893 1053 972 1118 σολ.Ι
995 1059 1058 1118 506
1084 1052 1135 1118 cd.
1159 1054 1347 1118 Buttmann.

120 1164 338 1244 ,,Μεσο’δμαι.
382 1158 588 1248 Ἀρίσταρχος
610 1160 654 1225 τοὶ
674 1159 877 1242 μισόστνλα,
902 1161 985 1224 ἔνιοι
1009 1159 1044 1222 δὲ
1064 1157 1108 1222 τὰ
1131 1159 1258 1240 μιταξδ
1281 1165 1347 1222 τοῖν

121 1266 229 1333 δοκῶν
260 1269 483 1358 διαστήματα.
516 1311 558 1322 --
593 1268 645 1332 Τὰ
683 1265 809 1349 μεταξὺ
845 1269 913 1331 τῶν
944 1263 1065 1330 κιόνων
1095 1265 1348 1352 διαφράγματα,

121 1371 245 1451 οἵτινες
266 1367 370 1462 ’ἦσαν
408 1377 488 1460 περὶ
525 1374 601 1448 τοὺς
638 1377 770 1455 τοίχους
807 1371 851 1436 τοὶ
896 1367 983 1458 ἄκρα
1020 1371 1245 1453 βαστάζοντος
1282 1375 1349 1436 τῶν
1441 1429 1445 1434 ,

122 1478 239 1548 δοκοῦν.
1281 1539 1284 1551 ,

208 1586 369 1670 Ἡσύχιος.
414 1587 623 1670 ,,Μοσόδμαι
645 1588 702 1650 καὶ
726 1585 914 1666 Μέσοδμα·
943 1584 987 1648 τὰ
1009 1584 1213 1664 μεσόστολα.
1255 1589 1348 1658 Τινὲς

122 1691 158 1754 δὲ
181 1695 225 1758 τοὶ
248 1700 314 1760 τῶν
337 1695 444 1760 δοκοῖν
467 1693 709 1778 διαστηματα.“

211 1801 253 1866 Αἱ
276 1803 311 1866 δὲ
334 1805 401 1868 τῶν
423 1805 591 1888 νεωτέρων
614 1801 784 1887 ἑρμηνεῖαι
807 1799 895 1864 εἰσιν
919 1797 1003 1869 αἵδε.

142 1981 146 1988 ,
211 1907 290 1973 Fosi
314 1910 468 1996 (Kayser)
492 1909 529 1972 δν
545 1903 610 1976 llo.
636 1913 674 1988 Τ,
698 1922 782 1988 στιχ.
806 1915 859 1973 37.
905 1906 997 1972 Nach
1020 1905 1082 1971 den
1105 1905 1244 1971 Meisten
1267 1903 1348 1970 Ver-

121 2010 289 2101 tiefungen
305 2015 466 2081 zwisohen
487 2014 550 2079 den
565 2013 813 2099 Wandpfeilern
831 2011 1036 2096 (μὲσόστολα
1058 2013 1141 2078 nach
1157 2011 1348 2096 Aristonem,

122 2115 174 2184 die
197 2121 265 2186 oioh
288 2145 330 2186 en
353 2121 406 2186 die
428 2127 537 2200 τοῖχοι
564 2118 723 2184 nattirlich
746 2119 974 2184 ansohliessen.
1027 2119 1126 2182 Dann
1155 2119 1266 2205 folgcn
1297 2117 1349 2183 die

122 2224 227 2309 δοκοὶ,
251 2227 283 2292 d.
299 2227 332 2291 h.
355 2227 482 2292 Balken
505 2247 547 2290 an
570 2226 628 2296 der
650 2224 775 2292 Dache.
821 2224 913 2290 Naoh
933 2224 1058 2312 Rumpf
1077 2225 1148 2290 eine
1164 2225 1226 2290 Art
1240 2223 1348 2290 Galle-

120 2333 190 2398 ricn
212 2333 291 2400 oder
306 2333 455 2417 Biihnen,
479 2333 531 2398 die
553 2333 597 2397 im
612 2330 855 2418 Hintergrunde
879 2331 936 2396 des
952 2331 1174 2396 Mannersaale
1190 2331 1351 2396 awiochen

120 2439 189 2504 und
213 2441 319 2506 hinter
349 2439 412 2506 den
435 2439 557 2506 Shulon
583 2443 717 2528 (κίονες)
750 2438 950 2526 engebrachl
979 2461 1088 2504 waren
1117 2438 1185 2504 und
1206 2440 1240 2503 in
1264 2439 1351 2504 einer

120 2549 285 2634 massigen
315 2547 411 2612 Hohc
442 2546 617 2633 gleichsam
654 2546 783 2632 hingen.
839 2543 974 2631 Ταύτην
1011 2547 1047 2610 δὲ
1078 2544 1138 2631 τὴν
1169 2547 1247 2632 περὶ
1284 2546 1352 2608 τῶν

121 2655 304 2736 μεσοδμῶν
334 2652 464 2737 γνώμην
492 2659 553 2718 τοῦ
583 2655 626 2718 Η.
658 2638 783 2740 Rumpf
810 2647 874 2738 ὅροι
905 2653 942 2717 ἐν
972 2659 1012 2743 τῇ
1039 2653 1140 2718 altera
1169 2674 1243 2740 pars
1267 2675 1351 2716 com·

121 2773 222 2826 ment.
254 2760 295 2825 de
325 2761 396 2826 aed.
421 2762 519 2826 Hom.
548 2782 581 2847 p.
605 2763 646 2825 37
665 2783 694 2840 κ,
718 2759 806 2842 ἑξῆς,
836 2755 878 2843 ἣν
907 2759 964 2824 διὰ
995 2757 1034 2824 τὸ
1064 2765 1168 2844 μῆκος
1198 2760 1352 2822 ἐνταῦθα

122 2861 181 2930 οὐκ
209 2863 414 2956 ἀντέγραψα.
463 2873 520 2951 Τῷ
542 2868 587 2932 Η.
610 2865 736 2952 Rumpf
753 2874 929 2950 συμφωνοῖ
951 2868 1009 2930 καὶ
1033 2863 1053 2930 o‘
1075 2865 1169 2930 Arth.
1184 2864 1353 2932 Winckler

122 2969 157 3036 lv
181 2977 248 3056 opi:
274 2971 325 3038 die
348 2973 578 3040 Wohnhauser
605 2973 662 3038 der
685 2972 858 3058 Hellcncn‚
883 2971 951 3038 σιλ.
975 2981 1118 3038 31-34.

214 3078 354 3146 Ameis
387 3081 578 3164 (Hentze)
610 3080 646 3144 lv
667 3075 729 3144 Ὀδ.
756 3085 795 3161 Τ,
819 3085 879 3144 371
909 3079 1149 3160 ,,Μισόδμαι“,
1180 3078 1353 3166 cigentlioh

126 3186 417 3271 „Zwischenbau“‚
449 3187 714 3279 wahnscheinlioh
736 3167 855 3270 hucac,
886 3184 1030 3272 niedrige
1053 3185 1199 3264 Wandc‚
1229 3185 1352 3251 welche

124 3291 157 3356 in
188 3293 332 3380 glcioher
361 3295 457 3360 Hohe
487 3297 546 3360 mit
575 3295 633 3359 der
662 3293 978 3360 Fundamentmaucr
1015 3294 1048 3356 in
1080 3292 1143 3359 den
1174 3292 1250 3359 Saal
1279 3315 1352 3358 vor·

127 3409 290 3487 sprang'en
312 3400 380 3466 und
409 3423 491 3466 vorn
525 3399 576 3467 die
601 3401 723 3466 Silulen
745 3410 878 3488 trugen3
904 3399 1027 3464 sodann
1050 3400 1102 3466 dic
1126 3399 1269 3465 dadurch
1299 3423 1353 3486 ge·

125 3506 273 3573 bildeten
302 3507 461 3590 Numen,
502 3507 553 3573 die
584 3508 667 3572 nach
698 3507 772 3574 dem
803 3506 898 3572 Saule
936 3529 977 3570 zu
1008 3508 1112 3592 osten,
1151 3507 1210 3572 auf
1235 3506 1354 3573 beiden

128 3613 239 3681 Seitcn
270 3637 335 3679 von
366 3614 429 3680 den
459 3613 751 3702 saulentragenden
781 3613 933 3680 Wandon
962 3613 1030 3678 und
1059 3613 1171 3680 hinton
1200 3636 1266 3678 von
1297 3611 1354 3678 der

128 3721 338 3809 Hauplwand
360 3723 582 3788 umschlossen
604 3725 744 3788 waren.“

215 3828 491 3907 Autenrieth‚
528 3831 626 3894 Hom.
655 3827 884 3912 Whrterbuch,
915 3827 984 3892 σεδ..
1019 3833 1097 3892 182:
1137 3825 1354 3910 ,,Μεσόδμαι,

129 3932 310 4020 Cabinette,
335 3937 404 4002 eine
425 3933 488 4000 Art
509 3957 575 4000 von
591 3934 743 4021 Nisohen‚
767 3936 890 4002 welche
913 3935 995 4000 nach
1019 3933 1076 4000 dar
1091 3934 1273 3999 Innenseitc
1297 3933 1354 3998 des

130 4040 241 4108 Saules
257 4044 353 4128 offen,
376 4041 567 4108 beideroeite
591 4063 656 4107 von
677 4043 741 4108 den
757 4041 1000 4128 κρηπιδοίματα
1016 4039 1073 4106 der
1090 4039 1222 4125 Saulem,
1245 4039 1355 4106 hinton

129 4169 195 4216 von
211 4149 269 4216 der
283 4149 392 4218 Wand
406 4149 628 4214 umschlossen
643 4173 764 4233 waren3
791 4150 946 4214 darinncn
960 4148 1111 4213 moohten
1131 4139 1203 4212 ‘sich
1219 4147 1355 4212 Statuen

119 4253 313 4322 'befindenss
362 4251 424 4344 ὅρα
448 4261 504 4320 καὶ
527 4254 678 4342 Gerlach,
703 4257 761 4322 dae
784 4258 877 4322 Haus
901 4255 958 4320 des
981 4253 1150 4342 Odysseae
1174 4256 1210 4319 δν
1232 4259 1278 4337 cpi
1303 4262 1354 4321 30.
1389 4336 1394 4352 η

126 4363 220 4448 νόμῳ
245 4362 312 4428 ool..
338 4372 398 4428 511
425 4367 484 4428 τοῦ
507 4363 708 4450 Philologus.
