3114 4810
685 252 726 316 2⁷

91 433 197 518 μηδὲν
221 427 305 496 άλλο
332 434 508 522 σημαίνειν
530 426 695 509 βοόλεται
717 422 738 511 ἢ
760 425 800 488 τὸ
824 422 1065 510 ὑπερκείμενον
1086 429 1143 490 καί
1166 424 1206 490 w*
1231 424 1320 492 κατά

91 533 202 604 τατίτά
225 545 298 612 τοῖς
321 534 488 620 άπερηὶοις
513 533 692 618 οἰκήμασιν
714 528 971 616 ᾠκοδομημένον
994 537 1062 612 καί,
1079 527 1193 614 ὥσπερ
1218 528 1261 598 άν
1284 531 1319 596 οἱ

92 649 157 712 νῦν
170 642 324 729 Ἕλληνες
346 643 511 722 εἴποιμεν,
535 640 575 706 τὸ
599 637 757 721 άνῶγεον.
806 641 883 704 Τῶν
906 629 968 702 οὖν
990 637 1168 723 τεσσάρων
1189 644 1320 724 μοιρῶν

93 758 165 816 τῶν
196 752 231 814 έν
260 753 302 840 τῇ
331 745 417 839 αὐλῇ
447 747 619 827 θαλάμων
650 748 718 810 τῶν
747 745 845 812 υἱέων
867 743 887 829 ἡ
909 750 983 826 μία,
1013 735 1051 829 ἧς
1074 742 1095 830 ηε
1117 752 1180 810 τοῦ
1211 745 1320 826 δόμου

97 858 248 922 αἱθουσα
272 852 465 938 προέκειτο,
496 851 567 920 άπὸ
590 853 725 928 τούτοις
746 859 821 928 τοῖς
844 857 880 916 ἐν
902 858 950 934 τῷ
973 851 1131 938 μετεώρῳ
1155 859 1320 934 κειμένοις

96 963 270 1044 θαλάμοις
293 955 350 1048 ἦν·
383 958 471 1026 ὥστε
502 965 570 1024 τῶν
601 956 712 1026 άλλων
742 963 934 1045 τριῶντης
965 954 1067 1044 ον’λῆς
1097 964 1220 1042 τοίχων
1252 953 1320 1022 άνδι

95 1071 226 1136 δυόδεκα
258 1068 443 1148 θαλάμους
472 1069 539 1130 τῶν
569 1066 667 1132 υἱέων
693 1066 858 1148 ἐχόντων,
890 1062 1027 1146 οιὶτοσί,
1059 1061 1076 1132 ὁ
1107 1068 1171 1130 τοῦ
1203 1065 1320 1145 δόμου,

91 1183 264 1260 τέσσαρας
286 1178 343 1240 καί
367 1174 485 1254 εἰκοσι,
515 1173 674 1238 κάτωθεν
702 1177 766 1253 μέν
789 1171 919 1238 δῶδεκα
949 1175 1018 1238 τῶν
1041 1172 1151 1252 υἱέων,
1182 1169 1321 1236 άνωθεν

94 1286 131 1347 δὲ
154 1284 287 1368 ἑτέρους
309 1281 497 1356 τοσούτους
519 1288 587 1344 τῶν
610 1284 816 1366 θυγατέρων.
862 1280 929 1342 Καί
953 1275 1043 1344 αὐτοὶ
1067 1278 1105 1364 δὴ
1129 1277 1174 1344 τὰ
1196 1280 1260 1362 έπη
1284 1266 1321 1342 εἱι
1391 1311 1394 1316 ·

95 1393 145 1473 τῶ
168 1394 239 1473 έμῶ
262 1389 348 1470 λόγῳ
372 1395 626 1474 συμμαρτυρεῖν
648 1388 737 1450 έοικε

363 1544 488 1616 κουράων
508 1541 533 1598 δ’
551 1545 685 1618 ἑτέρωθεν
704 1543 820 1599 ἐναντίοι
840 1541 956 1598 ἔνδοθεν
976 1539 1057 1610 αὐλῆς

364 1633 470 1689 δώδεκα
489 1633 557 1689 ἔσαν
573 1635 662 1704 τέγεοι
679 1631 814 1706 θάλαμοι.

87 1775 198 1842 Ἔνθα
224 1777 261 1862 δη
286 1775 394 1862 πολλή
416 1801 449 1858 γε
474 1771 598 1862 άνάγκη
622 1780 661 1839 τό
687 1775 854 1860 ἑτέρωθεν
879 1767 993 1859 ὀρθῶς
1018 1761 1188 1856 συνιέναι,
1218 1773 1262 1838 τά
1287 1776 1322 1837 δέ

92 1883 239 1948 έπιόντα
279 1879 372 1966 ου’τηῖ
414 1877 591 1946 άκόλουθα
632 1887 687 1945 καὶ
727 1882 838 1968 ῥηίδια.
888 1877 1096 1965 Ἑρμηνεάων
1137 1871 1197 1944 οὖν
1236 1876 1319 1944 αότὸ

91 1987 200 2072 ,πρὸς
230 1993 291 2053 τοῦ
320 1995 435 2072 τοίχου
475 1981 682 2068 τοῦάδόμου
713 1987 793 2063 τούς
831 1987 1014 2074 θαλάμους
1054 1983 1321 2070 (ρ’κοδομῆσθαιίί

93 2092 263 2182 όρθότατ’
287 2088 329 2160 διν
345 2097 486 2180 έξηγοῑο.
529 2099 696 2157 Φαίνεται
711 2094 772 2178 γὰρ
787 2092 932 2180 Ὅμηρος
955 2099 1004 2177 τῴ
1019 2095 1185 2178 ἑτέρωθεν
1199 2091 1321 2180 χρησά-

90 2226 196 2284 μενος
220 2208 268 2278 εἰς
300 2203 360 2265 δύο
392 2207 514 2283 μοίρας
546 2187 747 2282 σύμπαντας
777 2199 855 2274 τοὺς
885 2202 921 2263 ἐν
951 2203 992 2290 τῇ
1023 2195 1109 2287 αόλῇ
1139 2197 1322 2278 θαλάμους

97 2310 360 2392 διαιρουμένους
383 2308 521 2388 ἐννοῶν,
549 2307 596 2380 εἰς
623 2305 683 2390 την
707 2303 810 2392 άλλην
834 2303 948 2370 αὐτῶν
971 2307 1130 2371 διάθεσιν
1154 2301 1212 2371 οὐκ
1238 2300 1323 2369 άπο-
1354 2353 1356 2358 -

93 2413 248 2496 βλέπων,
272 2415 319 2488 εἰς
342 2413 401 2500 την
423 2415 491 2475 τῶν
514 2412 611 2476 υἱέων
634 2415 690 2474 καὶ
714 2417 761 2486 εἰς
784 2412 843 2497 τὴν
866 2417 935 2478 τῶν
957 2418 1162 2500 θυγατέρων.
1204 2411 1323 2476 Εἰπὼν

95 2510 158 2583 οὖν
182 2525 320 2606 πρῶτον
342 2522 420 2604 περί
443 2523 510 2582 τῶν
525 2517 695 2600 θαλάμων
716 2527 785 2582 τῶν
808 2520 906 2583 υἱέων
931 2515 975 2596 οἱς
997 2503 1074 2604 περὶ
1096 2524 1180 2600 μιᾶς
1202 2524 1324 2606 μοίρας

91 2627 132 2690 τὸ
157 2625 310 2706 σόνολον,
333 2625 564 2711 προσηκόντως
587 2607 706 2688 ἔπειτα
730 2625 873 2712 ἐπήγαγε
888 2627 927 2689 τό
952 2626 1127 2713 ,κουράων
1151 2621 1184 2688 δ’
1207 2627 1322 2710 ἑτέρω-

92 2737 189 2796 θενίί.
237 2731 338 2808 Εἰκὸς
362 2734 398 2796 δὲ
421 2732 509 2814 μετὰ
539 2735 638 2796 τοῦτο
670 2732 746 2806 τοὺς
770 2733 952 2813 θαλάμους
983 2733 1150 2808 ἐναντίους
1180 2733 1323 2796 ἐ’νδοθεν

96 2833 200 2920 αὐλῆς
230 2842 407 2922 εἰρῆσθαι,
439 2833 500 2900 άτε
524 2843 572 2914 εἰς
594 2839 653 2924 τη“ν
677 2835 779 2923 αὐλὴν
810 2839 997 2921 βλέποντας
1027 2844 1084 2904 καί
1115 2838 1182 2924 πρὸ
1211 2834 1322 2902 αὐτῶν

95 2944 134 3017 ἕξ
158 2947 213 3007 καί
236 2942 418 3028 τριάκοντα
441 2945 569 3032 ἑτέρους
593 2945 773 3026 θαλάμους
789 2953 857 3009 τῶν
880 2945 978 3010 υἱέων
1000 2949 1150 3028 έγοντας.
1193 2941 1322 3032 Ὀρθῶς

93 3053 131 3115 δέ
163 3052 219 3113 καί
252 3047 271 3114 o‘
295 3056 353 3135 τῆς
372 3045 512 3128 Ἰλιάδος
542 3050 691 3126 παλαιὸς
721 3052 972 3138 παραφραστης
1000 3049 1039 3117 τό
1067 3056 1191 3139 χωρίον
1220 3053 1320 3116 τοῦτο

94 3158 131 3220 έν
165 3159 281 3221 τοῖσδε
321 3153 505 3243 ἡρμήνευκε
536 3161 624 3240 ,μῶν
660 3161 696 3222 δέ
735 3164 929 3245 θυγατέρων
967 3159 1002 3222 έκ
1041 3166 1100 3223 τοῦ
1137 3159 1248 3242 ἑτέρου
1287 3158 1323 3234 ἐξ

94 3257 248 3338 ἐναντίας
277 3263 419 3328 ένδοθεν
448 3267 506 3348 τῆς
538 3260 641 3352 αὐλῆς
672 3265 799 3330 δῶδεκα
830 3255 918 3351 ἦσαν
939 3263 1090 3352 ὑπερῷοι
1122 3259 1209 3328 οἶκοι
1239 3264 1320 3350 πλη-

96 3371 174 3432 σίον
197 3365 346 3454 ἀλλήλων
379 3366 701 3458 ηίκοδομημένοάέῖ).
748 3375 813 3437 Καὶ
844 3377 950 3435 ταῦτα
981 3379 1042 3452 μὲν
1068 3374 1148 3458 περὶ
1171 3375 1230 3458 τῆς
1252 3377 1319 3437 τῶν

91 3474 265 3555 θαλάμων
289 3477 485 3552 διαθέσεως.
536 3483 723 3544 Φαίνονται
754 3480 790 3542 δέ
823 3479 855 3543 οἱ
884 3479 952 3542 τῶν
982 3482 1178 3564 θυγατέρων
1208 3478 1319 3544 θάλα-

91 3604 153 3662 μοι
183 3579 241 3644 διὰ
265 3579 424 3662 κλίμακάς
454 3607 546 3658 τινος
569 3585 665 3660 ἐκτὸς
688 3588 750 3649 τοῦ
780 3585 874 3650 οἱκου
897 3591 937 3676 τῇ
961 3581 1046 3671 αὐλῇ
1075 3589 1319 3668 κοινωνοῦντες,

94 3683 181 3753 ὅθεν
212 3689 262 3763 εἰς
292 3687 353 3752 τὸν
378 3684 469 3754 οἰκον
492 3691 697 3776 εἰσήρχοντο.
740 3689 781 3756 Ἡ
800 3692 862 3777 γὰρ
881 3687 997 3776 Ἑκάβη
1028 3691 1064 3754 ἐκ
1095 3691 1223 3756 τούτων
1253 3698 1321 3756 τῶν

94 3793 265 3876 θαλάμων
281 3795 537 3882 παραλαβοῦσα
553 3798 614 3884 τὴν
629 3798 802 3884 Λαοδίκην
818 3798 946 3882 εἰσάγει
962 3801 1010 3872 εἰς
1025 3795 1085 3885 τὶγν
1108 3794 1319 3884 άνδρωνῖτιν,

99 3893 185 3964 ὅπου
217 3897 376 3988 δ”Εκτωρ
409 3901 614 3984 άνέμενενὶ).
660 3903 768 3990 Εἱπερ
794 3895 854 3970 οὖν
885 3905 941 3969 διά
965 3903 1125 3986 κλίμακός
1147 3927 1238 3978 τινος
1261 3907 1320 3967 καί

97 4003 210 4070 διόδου
247 4011 314 4072 τῶν
352 4007 446 4086 έντὸς
484 4019 546 4076 τοῦ
584 4010 676 4074 ολκου
715 4009 887 4094 θαλάμων
925 4010 1143 4075 κατελθοῦσα
1175 4011 1222 4084 εἰς
1260 4010 1320 4098 τὴν

91 4203 166 4255 Krit.
187 4219 215 4257 u.
235 4212 340 4272 exeget.
366 4207 485 4272 Anhang
503 4224 558 4258 von
577 4208 670 4260 Ameis
696 4209 821 4277 (Hentze)
842 4210 872 4262 ἰν
894 4209 953 4278 Ὁμ.
980 4200 1021 4258 Ἰλ.
1047 4212 1072 4259 2.
1092 4208 1167 4271 Heft,
1195 4207 1250 4263 σελ.
1273 4211 1315 4261 71.

94 4286 148 4359 [Ἱλ.
170 4297 202 4343 Ζ.
222 4294 295 4360 248].
351 4298 380 4360 1)
400 4300 534 4365 Παραφρ.
559 4289 599 4347 Ἰλ.
619 4299 649 4347 Ζ.
669 4295 724 4350 σελ.
745 4301 807 4359 690,
822 4300 955 4348 247—50.
977 4297 1019 4350 ed.
1041 4297 1158 4350 Bekker.
1232 4299 1258 4366 2)
1276 4293 1317 4350 Ἰλ.

92 4387 123 4431 Z.
147 4384 253 4434 2514
272 4380 323 4454 ὅρα
344 4385 389 4435 καί
409 4385 450 4436 La
468 4386 561 4436 Roehe
581 4377 688 4438 αὐτόθι.
981 4380 983 4386 ’
