3114 4810
748 217 789 282 53

156 386 252 458 ὁπότ’
284 382 330 456 αῦ
353 397 421 456 τῶν
444 393 575 454 οἰκείων
598 395 663 454 τινί
693 394 750 454 καί
780 396 848 454 τῶν
879 392 982 464 ξένων
1005 391 1205 474 διαλέγοιτο,
1229 393 1265 457 ἐν
1289 389 1382 478 αῦτήί

155 499 351 580 ἐκαθίζετο,
375 496 538 581 καθάπερ
562 500 617 560 καί
641 492 661 580 ή
681 490 793 581 ’Λρήτη
816 502 915 560 τοῦτο
939 507 1053 562 ποιεῖν
1076 497 1193 563 εἰώθει
1204 504 1240 580 ¹).

244 611 320 670 Νῦν
352 607 398 686 δέ,
431 597 550 687 οἷσπερ
583 591 676 666 οὗτοι
706 595 870 689 περὶτοῦ
900 609 1008 686 μυχοῦ
1045 609 1101 669 καί
1132 611 1193 669 τοῦ
1224 608 1382 687 σταθμοῦ

64 739 67 744 ·
154 718 212 776 καί
236 717 298 776 τοῦ
328 715 441 792 τέγους
474 709 634 794 εἰρήκασι,
665 715 796 794 βραχέα
828 705 967 795 άντεροῦ,
999 710 1043 774 τδ
1076 707 1109 775 δ’
1134 708 1221 776 ἄλλα
1241 709 1381 798 Ιἄρρητα

154 820 309 904 παρήσω.
361 817 490 898 Συχυόν
519 812 665 900 Ὅμηρος
694 817 730 880 έν
761 824 842 890 τοῖς
862 816 1033 900 ποιήμασι
1060 823 1175 899 μυχοῦν
1204 823 1380 902 μέμνηται.

151 923 259 1000 Ὅλως
283 926 319 988 δί
346 920 443 988 οῦδὲν
467 922 582 1006 ἕτερον
607 901 718 985 οῦτοῖ
734 921 898 986 δύνανται
921 917 942 1008 ή
964 923 1003 987 κδ
1027 923 1195 988 ἐνδοτάτω
1227 928 1382 1006 κείμενον
1437 921 1440 930 ⁴

158 1035 217 1095 καί
240 1033 384 1111 έσχατον
405 1034 507 1114 μέρος
530 1025 550 1113 ή
573 1034 679 1112 πέρας
702 1034 764 1092 νοῦ
788 1029 992 1114 δηλουμένου
1009 1036 1049 1122 τῇ
1071 1036 1181 1122 γενική
1203 1035 1265 1094 τοῦ
1289 1026 1381 1112 ὅλου,

155 1128 242 1231 ήπερ
266 1133 417 1219 τοῦνομα
442 1133 497 1200 άεί
520 1139 749 1216 συντέτακται.
796 1136 944 1222 Δηλοῦσι
972 1141 1085 1200 τοίνυν
1112 1142 1212 1201 τοῦτο
1237 1140 1300 1216 μέν
1321 1135 1382 1200 τόν

154 1248 300 1327 ἔσχατον
332 1248 400 1307 τῶν
430 1240 611 1320 θαλάμων,
641 1244 741 1304 τοῦτο
773 1243 810 1306 δὲ
839 1241 878 1306 τὸ
906 1243 1077 1329 ἐνδοτάτω
1107 1247 1259 1323 κείμενον
1281 1247 1381 1328 μέρος

154 1351 246 1425 τινός
276 1357 344 1414 τοῖν
374 1348 563 1428 θαλάμων,
595 1343 759 1412 ου’δέποτε
798 1350 834 1412 δὲ
864 1350 979 1435 χώραν
1014 1350 1090 1414 τινά
1132 1345 1242 1414 αὐτῶν
1273 1371 1378 1434 κεκρι-

155 1467 253 1542 μένην
277 1460 334 1520 καί
359 1453 448 1520 οῦτω
481 1458 805 1538 κατεσκευασμένην,
837 1454 932 1519 καθά
966 1456 1006 1541 δή
1029 1454 1223 1537 βούλονται.
1247 1531 1249 1534 ,
1271 1449 1380 1545 Οῦδα-

155 1565 267 1644 μόθον
290 1563 351 1648 γάρ
375 1564 478 1626 τοῦτο
503 1561 606 1645 δήλον
627 1565 779 1642 γίγνεται.
827 1559 951 1626 Αῦκίκα
975 1561 1037 1648 γάρ
1059 1562 1165 1643 μυχὸς
1188 1568 1249 1642 μέν
1273 1562 1380 1640 δόμου

160 1667 307 1760 ῦψηλοῒό
330 1675 422 1734 ἐστιν
439 1664 458 1732 δ
474 1669 510 1731 έν
525 1671 574 1750 τῷ
589 1671 714 1752 πέρατι
729 1673 787 1751 τῆς
803 1669 909 1742 οἰκίας
925 1668 1097 1752 θάλαμος,
1121 1671 1157 1732 έν
1171 1675 1219 1752 τῷ
1235 1675 1331 1752 μυχῷ
1340 1673 1380 1752 ²),

161 1782 197 1842 έν
221 1767 245 1858 ᾧ
269 1777 301 1841 οἱ
324 1771 444 1861 ἄνδρες
467 1781 544 1846 ταῖς
566 1782 728 1855 γαμεταῖς
749 1777 879 1855 γυναιξί
896 1781 1191 1860 συγκοιμωνιαιίγ
1222 1781 1381 1839 τοιοῦτον

156 1883 318 1962 θάλαμον
356 1887 412 1946 καί
442 1887 478 1945 ἐν
516 1884 557 1970 νή
586 1876 756 1962 Ἀχιλλέως
787 1885 890 1973 σκηνή
928 1883 984 1946 δεῖ
1018 1887 1164 1966 νοεῖνίγ·
1211 1880 1315 1961 μυχός
1345 1881 1382 1946 δέ

155 1989 332 2067 θαλάμοιό
355 1996 428 2053 ἐστι
450 1987 493 2052 τδ
520 1982 592 2051 άπὸ
615 1992 672 2070 τής
695 1988 830 2052 εἰσόδου
855 1983 1066 2069 ἀποκείμενα
1081 1995 1163 2073 με’ρη
1186 1993 1254 2050 τῶν
1269 1987 1381 2051 θαλά-

155 2120 241 2177 μων,
274 2089 411 2180 οἶόςπερ
442 2091 547 2178 ότής
577 2096 901 2180 γυναικωνίτιδοςῡ),
941 2099 996 2158 καί
1026 2097 1088 2158 τοῦ
1118 2094 1283 2173 θαλάμου
1314 2099 1381 2157 τοῖν

157 2199 323 2286 ὅπλωνθ).
362 2200 459 2264 Κατὰ
482 2203 589 2264 ταῦτα
606 2204 719 2264 τοίνυν
735 2205 791 2264 καί
810 2201 916 2283 μυχός
930 2200 1089 2287 μεγάρου,
1116 2191 1156 2264 οῦ
1181 2197 1381 2286 δίςὍμηρος

158 2313 366 2387 μέμνηταιί),
398 2303 495 2369 οῦδὲν
519 2305 647 2390 άλλοή
676 2306 720 2372 τά
744 2303 815 2374 άπὸ
847 2311 902 2392 τής
933 2308 1063 2382 ἔξωθεν
1085 2305 1221 2370 εἰσόδου
1245 2311 1381 2386 κείμενα

160 2412 258 2475 ένδον
287 2417 368 2498 μέρη
399 2415 455 2496 τής
485 2409 723 2498 άνδρωνίτιδος
754 2411 872 2492 δπλιῦς
903 2415 1007 2498 δηλοῖ.
1049 2417 1202 2478 Τοιαῦτα
1227 2407 1307 2477 δ’όίν
1330 2412 1380 2495 εἰη

156 2519 289 2596 μᾶλλον
313 2520 347 2582 αἰ
379 2514 605 2598 α’ντικείμεναι
636 2525 677 2611 τῇ
708 2521 829 2605 εἰσόδῳ,
861 2527 989 2601 γωνίαι,
1020 2515 1104 2584 όποι
1135 2519 1167 2584 οἱ
1196 2524 1381 2606 μνηστῆρες

154 2631 347 2706 κατέφυγον.
394 2631 515 2689 Καίτοι
538 2650 573 2706 γε
596 2628 690 2711 εἰπερ
719 2629 754 2692 έν
784 2632 824 2719 τή
848 2623 1061 2716 άνδρωνίτιδι
1089 2630 1245 2701 τοιοῦτος
1274 2625 1380 2708 μυχός

152 2737 202 2814 τῷ
225 2727 297 2795 όνιι
320 2722 370 2818 ήυ,
395 2725 535 2818 οἷόνπερ
558 2733 752 2816 βούλονται,
774 2735 895 2798 έπειτα
919 2739 992 2809 πῶς
1017 2729 1056 2796 οῦ
1081 2731 1140 2820 χρή
1165 2737 1221 2796 καί
1249 2738 1284 2796 ἐν
1308 2740 1380 2806 τοῖς

154 2835 271 2911 ἄλλοις
294 2838 479 2922 θαλάμοις,
503 2835 555 2922 ἐφ’
579 2828 626 2904 οἷν
650 2838 851 2926 συχνότερον
875 2838 1027 2920 τοῦνομα
1043 2845 1211 2920 τέτακται,
1233 2846 1380 2902 τοιαῦτα

152 2947 212 3006 καὶ
235 2944 471 3030 παραπλήσια
485 2947 799 3028 κατασκευάσματα
824 2954 932 3029 νοεῖν;
964 2948 1007 3012 Εἰ
1031 2947 1067 3010 δὲ
1090 2949 1148 3010 καί
1171 2951 1273 3010 τοῦτο
1299 2961 1380 3027 συμ·

153 3059 269 3132 φαῖεν,
291 3051 476 3136 βουλοίμην
499 3041 544 3115 όν
566 3055 664 3136 δ’γωγε
695 3057 753 3117 καί
776 3053 834 3138 τήν
865 3055 980 3118 αἰτίαν
1003 3049 1082 3140 παρ’
1106 3049 1217 3118 αῦτῦν
1239 3057 1380 3140 μαθεῖν,

154 3151 196 3220 δι’
219 3155 259 3242 ήν
281 3162 425 3222 τοιαῦτα
450 3161 723 3253 κατεσκευάζετο.
763 3163 828 3224 Καί
852 3165 961 3224 ταῦτα
985 3164 1046 3239 μέν
1070 3164 1148 3245 περί
1172 3164 1235 3224 τοῦ
1257 3160 1377 3240 μυχοῦ.

154 3263 319 3343 Σταθμδς
344 3267 380 3328 δέ
403 3266 507 3346 έστιν,
533 3263 623 3331 ὅπου
647 3264 691 3332 δυ
714 3268 771 3332 έπί
802 3272 859 3351 τῆς
887 3267 997 3352 θύρας
1020 3266 1197 3350 τάσσηται,
1221 3263 1242 3351 ή
1267 3289 1378 3352 παρα-

154 3366 285 3450 στάςθ).
334 3371 381 3435 Τὸ
407 3373 443 3435 δὲ
465 3376 557 3452 τέγος
581 3369 621 3436 οῦ
650 3373 758 3454 μόνον
788 3369 870 3458 παρ)
889 3371 1036 3458 Ὁμήρῳ,
1069 3368 1141 3437 ἄλλ’
1171 3369 1250 3438 οῦδδ
1282 3376 1380 3458 παρά

151 3483 225 3549 τοῖς
250 3471 364 3550 ἄλλοις
386 3479 454 3541 τοῖν
470 3478 617 3558 δοκίμων
633 3485 783 3564 ποιητῶν
799 3483 857 3543 καὶ
873 3488 1085 3566 συγγραφέων
1102 3475 1204 3566 άρχήν
1226 3485 1380 3544 τέτακται

152 3585 210 3646 ἐπὶ
248 3581 404 3645 τοιοῦτον
441 3585 788 3668 κατασκευάσματος,
829 3583 883 3667 όγε
921 3585 1017 3660 ἐντός
1054 3587 1165 3673 ἑτέρου
1198 3587 1381 3670 οἰκήματος

154 3684 359 3772 ᾠκοδόμητο.
410 3693 521 3755 Τοῦτο
544 3691 606 3780 γὰρ
632 3690 787 3778 ἄντικρυς
818 3699 866 3776 τῷ
896 3693 1089 3780 κυριωτάτῳ
1122 3697 1182 3758 τοῦ
1213 3690 1380 3770 όνόματος

244 3902 270 3969 1)
289 3896 340 3972 ὅρα
360 3903 465 3969 Rumpf
487 3903 585 3960 αὐτόθι
610 3908 665 3963 οελ.
687 3911 720 3960 12
739 3926 765 3959 κ.
787 3903 853 3972 ίξής,
875 3926 901 3959 κ.
923 3911 966 3960 ’(9.
1050 3908 1077 3974 2)
1097 3913 1160 3978 πρβ.
1186 3903 1213 3959 ιδ
1234 3907 1264 3958 ίν
1282 3898 1327 3958 ’οδ
1342 3910 1376 3958 H.

153 3993 199 4044 8⁷.
220 3992 264 4055 ,ἐς
282 3987 377 4062 μυχόν
396 3993 424 4052 ἐξ
443 3993 547 4048 ου’δοῦ”
565 3996 612 4048 καί
630 3999 697 4048 Fani
717 3990 824 4048 αῦιόθι.
882 3995 910 4067 3)
927 3994 978 4049 ’οό.
1001 4002 1030 4047 Γ.
1051 3999 1113 4048 402.
1135 3999 1163 4046 Δ.
1181 3998 1244 4048 304.
1264 3997 1296 4046 H.
1313 3999 1376 4051 346.

153 4081 182 4144 ι)
202 4080 241 4130 ιι.
265 4084 285 4130 ι.
313 4084 377 4138 εει.
403 4082 440 4134 α.
468 4086 530 4136 ονε.
605 4085 632 4151 ι)
658 4079 699 4138 ἰκ
726 4089 755 4136 Ρ.
775 4089 818 4137 εο.
846 4079 895 4137 ὀε
925 4089 962 4136 Ψ.
987 4088 1031 4138 41.
1058 4091 1121 4158 προ.
1147 4076 1235 4136 ma.
1256 4088 1292 4135 Χ.
1314 4088 1377 4140 440.

154 4168 181 4234 ε)
199 4161 250 4220 ὀι
273 4175 309 4222 x.
333 4172 393 4223 180.
415 4177 481 4243 προ.
502 4175 536 4229 ιι,
558 4174 618 4226 νει,
677 4173 704 4239 ι)
723 4165 772 4226 ὀε
795 4175 827 4225 α.
845 4177 889 4228 οε.
910 4178 947 4224 x,
963 4176 1025 4225 κιο.
1088 4170 1118 4242 ε)
1137 4170 1226 4232 m.
1243 4175 1379 4236 167,339.

151 4247 202 4308 ὀι
224 4260 253 4310 Δ.
274 4260 333 4310 εεε.
356 4264 387 4314 z.
411 4263 453 4315 ιο,
470 4265 505 4313 H.
526 4264 569 4313 89.
590 4265 618 4314 P.
642 4264 684 4313 οε.
724 4256 848 4316 πίοιεν.
868 4265 898 4315 εν
914 4257 965 4314 ου.
987 4264 1018 4313 Α.
1041 4260 1095 4316 σα.
1119 4265 1197 4325 1421,
1213 4266 1237 4315 1.
1278 4261 1377 4316 ιιιιοο.

152 4347 233 4414 όνομ.
254 4351 278 4408 1,
301 4351 342 4400 76.
379 4345 475 4420 Ἧσόχ.
495 4349 526 4403 ἐν
545 4351 582 4422 τῷ
600 4352 679 4418 όνομ.
702 4351 832 4422 σταθμοί.
1190 4353 1194 4360 ’
