<?xml version="1.0" encoding="UTF-8"?>
<!DOCTYPE html PUBLIC "-//W3C//DTD XHTML 1.0 Transitional//EN"
    "http://www.w3.org/TR/xhtml1/DTD/xhtml1-transitional.dtd">
<html xmlns="http://www.w3.org/1999/xhtml" xml:lang="en" lang="en">
 <head>
  <title>
</title>
<meta http-equiv="Content-Type" content="text/html;charset=utf-8" />
  <meta name='ocr-system' content='tesseract 3.04.00' />
  <meta name='ocr-capabilities' content='ocr_page ocr_carea ocr_par ocr_line ocrx_word'/>
</head>
<body>
  <div class='ocr_page' id='page_1' title='image "./deaedibushomeri00prgoog_0074.png"; bbox 0 0 3114 4810; ppageno 0'>
   <div class='ocr_carea' id='block_1_1' title="bbox 720 241 759 306">
    <p class='ocr_par' dir='ltr' id='par_1_1' title="bbox 720 241 759 306">
     <span class='ocr_line' id='line_1_1' title="bbox 720 241 759 306; baseline -0.077 0"><span class='ocrx_word' id='word_1_1' title='bbox 720 241 759 306; x_wconf 85' lang='grc'><strong><em>67</em></strong></span> 
     </span>
    </p>
   </div>
   <div class='ocr_carea' id='block_1_2' title="bbox 130 412 1354 929">
    <p class='ocr_par' dir='ltr' id='par_1_2' title="bbox 130 412 1354 929">
     <span class='ocr_line' id='line_1_2' title="bbox 133 412 1353 502; baseline -0.004 -19"><span class='ocrx_word' id='word_1_2' title='bbox 133 440 191 484; x_wconf 88' lang='grc' dir='ltr'><strong><em>τον</em></strong></span> <span class='ocrx_word' id='word_1_3' title='bbox 221 417 280 502; x_wconf 75' lang='grc' dir='ltr'><strong><em>τὴν</em></strong></span> <span class='ocrx_word' id='word_1_4' title='bbox 311 417 426 501; x_wconf 98' lang='grc' dir='ltr'><strong><em>θύραν</em></strong></span> <span class='ocrx_word' id='word_1_5' title='bbox 456 414 630 480; x_wconf 86' lang='grc' dir='ltr'><strong><em>ἐπέκλινον</em></strong></span> <span class='ocrx_word' id='word_1_6' title='bbox 660 416 718 499; x_wconf 75' lang='grc' dir='ltr'><strong><em>τῆς</em></strong></span> <span class='ocrx_word' id='word_1_7' title='bbox 748 412 891 499; x_wconf 78' lang='grc' dir='ltr'><strong><em>κορώνης</em></strong></span> <span class='ocrx_word' id='word_1_8' title='bbox 921 413 1127 494; x_wconf 76' lang='grc' dir='ltr'><strong><em>λαβόμενοι,</em></strong></span> <span class='ocrx_word' id='word_1_9' title='bbox 1166 415 1287 478; x_wconf 72' lang='grc' dir='ltr'><strong><em>ἔπειτα</em></strong></span> <span class='ocrx_word' id='word_1_10' title='bbox 1317 415 1353 478; x_wconf 85' lang='grc' dir='ltr'><strong><em>δέ</em></strong></span> 
     </span>
     <span class='ocr_line' id='line_1_3' title="bbox 135 516 1354 606; baseline -0.005 -16"><span class='ocrx_word' id='word_1_11' title='bbox 135 526 289 599; x_wconf 81' lang='grc' dir='ltr'><strong><em>ἐλκοντες</em></strong></span> <span class='ocrx_word' id='word_1_12' title='bbox 312 524 441 597; x_wconf 78' lang='grc' dir='ltr'><strong><em>ἐξωθεν</em></strong></span> <span class='ocrx_word' id='word_1_13' title='bbox 463 521 524 586; x_wconf 85' lang='grc' dir='ltr'><strong><em>τὸν</em></strong></span> <span class='ocrx_word' id='word_1_14' title='bbox 547 521 673 602; x_wconf 81' lang='grc' dir='ltr'><strong><em>ἱμάντα</em></strong></span> <span class='ocrx_word' id='word_1_15' title='bbox 698 519 757 606; x_wconf 77' lang='grc' dir='ltr'><strong><em>τὴν</em></strong></span> <span class='ocrx_word' id='word_1_16' title='bbox 780 517 930 604; x_wconf 77' lang='grc' dir='ltr'><strong><em>κεφᾱλην</em></strong></span> <span class='ocrx_word' id='word_1_17' title='bbox 952 522 1015 584; x_wconf 84' lang='grc' dir='ltr'><strong><em>τού</em></strong></span> <span class='ocrx_word' id='word_1_18' title='bbox 1038 516 1139 602; x_wconf 83' lang='grc' dir='ltr'><strong><em>όχέως</em></strong></span> <span class='ocrx_word' id='word_1_19' title='bbox 1161 522 1209 596; x_wconf 84' lang='grc' dir='ltr'><strong><em>είς</em></strong></span> <span class='ocrx_word' id='word_1_20' title='bbox 1229 519 1268 584; x_wconf 90' lang='grc' dir='ltr'><strong><em>τδ</em></strong></span> <span class='ocrx_word' id='word_1_21' title='bbox 1292 526 1354 584; x_wconf 82' lang='grc' dir='ltr'><strong><em>τοῦ</em></strong></span> 
     </span>
     <span class='ocr_line' id='line_1_4' title="bbox 132 623 1354 713; baseline -0.005 -17"><span class='ocrx_word' id='word_1_22' title='bbox 132 637 247 713; x_wconf 90' lang='grc' dir='ltr'><strong><em>τοίχου</em></strong></span> <span class='ocrx_word' id='word_1_23' title='bbox 272 629 421 708; x_wconf 87' lang='grc' dir='ltr'><strong><em>κοίλωμα</em></strong></span> <span class='ocrx_word' id='word_1_24' title='bbox 445 627 635 709; x_wconf 72' lang='grc' dir='ltr'><strong><em>ἐνέβαλλον.</em></strong></span> <span class='ocrx_word' id='word_1_25' title='bbox 678 623 738 692; x_wconf 84' lang='grc' dir='ltr'><strong><em>Ἕν</em></strong></span> <span class='ocrx_word' id='word_1_26' title='bbox 761 626 797 690; x_wconf 79' lang='grc' dir='ltr'><strong><em>δὲ</em></strong></span> <span class='ocrx_word' id='word_1_27' title='bbox 820 631 868 709; x_wconf 80' lang='grc' dir='ltr'><strong><em>τρῖ</em></strong></span> <span class='ocrx_word' id='word_1_28' title='bbox 891 625 1036 709; x_wconf 76' lang='grc' dir='ltr'><strong><em>τοιούτῳ</em></strong></span> <span class='ocrx_word' id='word_1_29' title='bbox 1060 627 1174 692; x_wconf 83' lang='grc' dir='ltr'><strong><em>αἰτοῦ</em></strong></span> <span class='ocrx_word' id='word_1_30' title='bbox 1196 627 1354 708; x_wconf 86' lang='grc' dir='ltr'><strong><em>χελωνίου</em></strong></span> 
     </span>
     <span class='ocr_line' id='line_1_5' title="bbox 130 727 1354 818; baseline -0.003 -18"><span class='ocrx_word' id='word_1_31' title='bbox 130 737 281 818; x_wconf 90' lang='grc' dir='ltr'><strong><em>βάλανοι</em></strong></span> <span class='ocrx_word' id='word_1_32' title='bbox 304 731 495 816; x_wconf 88' lang='grc' dir='ltr'><strong><em>αύτόματοι</em></strong></span> <span class='ocrx_word' id='word_1_33' title='bbox 518 735 566 810; x_wconf 86' lang='grc' dir='ltr'><strong><em>είς</em></strong></span> <span class='ocrx_word' id='word_1_34' title='bbox 582 733 622 798; x_wconf 81' lang='grc' dir='ltr'><strong><em>τὰ</em></strong></span> <span class='ocrx_word' id='word_1_35' title='bbox 637 733 800 816; x_wconf 76' lang='grc' dir='ltr'><strong><em>χάσματα</em></strong></span> <span class='ocrx_word' id='word_1_36' title='bbox 817 737 880 797; x_wconf 87' lang='grc' dir='ltr'><strong><em>τού</em></strong></span> <span class='ocrx_word' id='word_1_37' title='bbox 896 728 996 812; x_wconf 85' lang='grc' dir='ltr'><strong><em>όχέως</em></strong></span> <span class='ocrx_word' id='word_1_38' title='bbox 1010 734 1201 798; x_wconf 76' lang='grc' dir='ltr'><strong><em>ἐνέπιπτον.</em></strong></span> <span class='ocrx_word' id='word_1_39' title='bbox 1239 727 1354 809; x_wconf 77' lang='grc' dir='ltr'><strong><em>Οὕτως</em></strong></span> 
     </span>
     <span class='ocr_line' id='line_1_6' title="bbox 134 839 1310 929; baseline -0.004 -22"><span class='ocrx_word' id='word_1_40' title='bbox 134 840 154 928; x_wconf 77' lang='grc' dir='ltr'><em>ἦ</em></span> <span class='ocrx_word' id='word_1_41' title='bbox 178 839 361 929; x_wconf 73' lang='grc' dir='ltr'><strong><em>Εὐρύκλεια</em></strong></span> <span class='ocrx_word' id='word_1_42' title='bbox 384 841 444 926; x_wconf 79' lang='grc' dir='ltr'><strong><em>τὴν</em></strong></span> <span class='ocrx_word' id='word_1_43' title='bbox 466 841 581 927; x_wconf 88' lang='grc' dir='ltr'><strong><em>θύραν</em></strong></span> <span class='ocrx_word' id='word_1_44' title='bbox 603 846 664 904; x_wconf 84' lang='grc' dir='ltr'><strong><em>τοῦ</em></strong></span> <span class='ocrx_word' id='word_1_45' title='bbox 687 839 852 920; x_wconf 75' lang='grc' dir='ltr'><strong><em>θαλάμου</em></strong></span> <span class='ocrx_word' id='word_1_46' title='bbox 874 844 937 903; x_wconf 82' lang='grc' dir='ltr'><strong><em>τοῦ</em></strong></span> <span class='ocrx_word' id='word_1_47' title='bbox 962 840 1160 926; x_wconf 73' lang='grc' dir='ltr'><strong><em>Τηλεμάχου</em></strong></span> <span class='ocrx_word' id='word_1_48' title='bbox 1184 839 1310 904; x_wconf 79' lang='grc' dir='ltr'><strong><em>ἐκλεισε</em></strong></span> 
     </span>
    </p>
   </div>
   <div class='ocr_carea' id='block_1_3' title="bbox 324 997 1141 1164">
    <p class='ocr_par' dir='ltr' id='par_1_3' title="bbox 324 997 1141 1164">
     <span class='ocr_line' id='line_1_7' title="bbox 324 997 1141 1074; baseline -0.004 -19"><span class='ocrx_word' id='word_1_49' title='bbox 324 1003 357 1070; x_wconf 71' lang='grc' dir='ltr'><strong><em>βῆ</em></strong></span> <span class='ocrx_word' id='word_1_50' title='bbox 378 998 403 1074; x_wconf 70' lang='grc' dir='ltr'><strong><em>ῥ’</em></strong></span> <span class='ocrx_word' id='word_1_51' title='bbox 426 1005 489 1070; x_wconf 76' lang='grc' dir='ltr'><strong><em>δμεν</em></strong></span> <span class='ocrx_word' id='word_1_52' title='bbox 508 1001 538 1055; x_wconf 85' lang='grc' dir='ltr'><strong><em>ἐιι</em></strong></span> <span class='ocrx_word' id='word_1_53' title='bbox 558 997 706 1072; x_wconf 88' lang='grc' dir='ltr'><strong><em>θαλάμοιο,</em></strong></span> <span class='ocrx_word' id='word_1_54' title='bbox 728 997 817 1072; x_wconf 83' lang='grc' dir='ltr'><strong><em>θύρην</em></strong></span> <span class='ocrx_word' id='word_1_55' title='bbox 837 997 863 1054; x_wconf 79' lang='grc' dir='ltr'><strong><em>δ’</em></strong></span> <span class='ocrx_word' id='word_1_56' title='bbox 886 999 1016 1074; x_wconf 73' lang='grc' dir='ltr'><strong><em>ἐπέρυσσε</em></strong></span> <span class='ocrx_word' id='word_1_57' title='bbox 1035 997 1141 1072; x_wconf 77' lang='grc' dir='ltr'><strong><em>κορύνη</em></strong></span> 
     </span>
     <span class='ocr_line' id='line_1_8' title="bbox 325 1085 999 1164; baseline 0.003 -22"><span class='ocrx_word' id='word_1_58' title='bbox 325 1085 456 1164; x_wconf 75' lang='grc' dir='ltr'><strong><em>ἀργυρέῃ,</em></strong></span> <span class='ocrx_word' id='word_1_59' title='bbox 477 1090 520 1144; x_wconf 73' lang='grc' dir='ltr'><strong><em>ἐπὶ</em></strong></span> <span class='ocrx_word' id='word_1_60' title='bbox 538 1089 567 1144; x_wconf 79' lang='grc' dir='ltr'><strong><em>δὲ</em></strong></span> <span class='ocrx_word' id='word_1_61' title='bbox 586 1087 676 1156; x_wconf 79' lang='grc' dir='ltr'><strong><em>κληῖδ’</em></strong></span> <span class='ocrx_word' id='word_1_62' title='bbox 695 1086 844 1143; x_wconf 75' lang='grc' dir='ltr'><strong><em>ἐτάνυσσεν</em></strong></span> <span class='ocrx_word' id='word_1_63' title='bbox 862 1085 999 1158; x_wconf 62' lang='grc' dir='ltr'><strong><em>λμάντι1).</em></strong></span> 
     </span>
    </p>
   </div>
   <div class='ocr_carea' id='block_1_4' title="bbox 128 1225 803 1477">
    <p class='ocr_par' dir='ltr' id='par_1_4' title="bbox 128 1225 803 1477">
     <span class='ocr_line' id='line_1_9' title="bbox 128 1225 702 1316; baseline 0 -20"><span class='ocrx_word' id='word_1_64' title='bbox 128 1227 240 1296; x_wconf 76' lang='grc' dir='ltr'><strong><em>’Ἔνθα</em></strong></span> <span class='ocrx_word' id='word_1_65' title='bbox 264 1230 303 1316; x_wconf 82' lang='grc' dir='ltr'><strong><em>δη</em></strong></span> <span class='ocrx_word' id='word_1_66' title='bbox 327 1233 415 1316; x_wconf 85' lang='grc' dir='ltr'><strong><em>κληίς</em></strong></span> <span class='ocrx_word' id='word_1_67' title='bbox 438 1238 530 1297; x_wconf 90' lang='grc' dir='ltr'><strong><em>ἐστιν</em></strong></span> <span class='ocrx_word' id='word_1_68' title='bbox 554 1227 573 1296; x_wconf 87' lang='grc' dir='ltr'><strong><em>δ</em></strong></span> <span class='ocrx_word' id='word_1_69' title='bbox 598 1225 702 1314; x_wconf 88' lang='grc' dir='ltr'><strong><em>όχεύς.</em></strong></span> 
     </span>
     <span class='ocr_line' id='line_1_10' title="bbox 685 1409 803 1477; baseline 0.008 -17"><span class='ocrx_word' id='word_1_70' title='bbox 685 1409 803 1477; x_wconf 87' lang='grc' dir='ltr'><strong><em>Μοχλοί.</em></strong></span> 
     </span>
    </p>
   </div>
   <div class='ocr_carea' id='block_1_5' title="bbox 127 1545 1356 2599">
    <p class='ocr_par' dir='ltr' id='par_1_5' title="bbox 127 1545 1356 2599">
     <span class='ocr_line' id='line_1_11' title="bbox 211 1545 1353 1636; baseline -0.004 -20"><span class='ocrx_word' id='word_1_71' title='bbox 211 1547 378 1616; x_wconf 79' lang='grc' dir='ltr'><strong><em>Ἕνδοθεν</em></strong></span> <span class='ocrx_word' id='word_1_72' title='bbox 401 1551 518 1624; x_wconf 78' lang='grc' dir='ltr'><strong><em>δὲτὰς</em></strong></span> <span class='ocrx_word' id='word_1_73' title='bbox 542 1549 656 1636; x_wconf 80' lang='grc' dir='ltr'><strong><em>θύρας</em></strong></span> <span class='ocrx_word' id='word_1_74' title='bbox 677 1549 818 1632; x_wconf 74' lang='grc' dir='ltr'><strong><em>μοχλοῖς</em></strong></span> <span class='ocrx_word' id='word_1_75' title='bbox 841 1548 1032 1632; x_wconf 85' lang='grc' dir='ltr'><strong><em>ἐπεζύχουν,</em></strong></span> <span class='ocrx_word' id='word_1_76' title='bbox 1056 1552 1092 1612; x_wconf 79' lang='grc' dir='ltr'><strong><em>οἳ</em></strong></span> <span class='ocrx_word' id='word_1_77' title='bbox 1112 1547 1240 1634; x_wconf 85' lang='grc' dir='ltr'><strong><em>κληῑδες</em></strong></span> <span class='ocrx_word' id='word_1_78' title='bbox 1257 1545 1353 1632; x_wconf 82' lang='grc' dir='ltr'><strong><em>συνή-</em></strong></span> 
     </span>
     <span class='ocr_line' id='line_1_12' title="bbox 131 1651 1356 1742; baseline -0.002 -22"><span class='ocrx_word' id='word_1_79' title='bbox 131 1661 204 1734; x_wconf 90' lang='grc' dir='ltr'><strong><em>θως</em></strong></span> <span class='ocrx_word' id='word_1_80' title='bbox 228 1658 421 1722; x_wconf 83' lang='grc' dir='ltr'><strong><em>καλοῦνται.</em></strong></span> <span class='ocrx_word' id='word_1_81' title='bbox 464 1653 499 1720; x_wconf 88' lang='lat'><strong><em>‘0</em></strong></span> <span class='ocrx_word' id='word_1_82' title='bbox 523 1657 558 1720; x_wconf 80' lang='grc' dir='ltr'><strong><em>δὲ</em></strong></span> <span class='ocrx_word' id='word_1_83' title='bbox 580 1659 640 1742; x_wconf 84' lang='grc' dir='ltr'><strong><em>τῆς</em></strong></span> <span class='ocrx_word' id='word_1_84' title='bbox 663 1651 800 1721; x_wconf 84' lang='grc' dir='ltr'><strong><em>αύλείου</em></strong></span> <span class='ocrx_word' id='word_1_85' title='bbox 832 1654 943 1741; x_wconf 88' lang='grc' dir='ltr'><strong><em>θύρας</em></strong></span> <span class='ocrx_word' id='word_1_86' title='bbox 971 1658 1027 1742; x_wconf 82' lang='grc' dir='ltr'><strong><em>τῆς</em></strong></span> <span class='ocrx_word' id='word_1_87' title='bbox 1048 1651 1213 1738; x_wconf 80' lang='grc' dir='ltr'><strong><em>Ἀχιλλέως</em></strong></span> <span class='ocrx_word' id='word_1_88' title='bbox 1237 1658 1356 1740; x_wconf 77' lang='grc' dir='ltr'><strong><em>σκηνῆς</em></strong></span> 
     </span>
     <span class='ocr_line' id='line_1_13' title="bbox 129 1759 1355 1853; baseline 0 -27"><span class='ocrx_word' id='word_1_89' title='bbox 129 1763 258 1846; x_wconf 84' lang='grc' dir='ltr'><strong><em>μοχλός</em></strong></span> <span class='ocrx_word' id='word_1_90' title='bbox 281 1765 337 1826; x_wconf 83' lang='grc' dir='ltr'><strong><em>καί</em></strong></span> <span class='ocrx_word' id='word_1_91' title='bbox 361 1769 432 1828; x_wconf 91' lang='grc' dir='ltr'><strong><em>ἐπι</em></strong></span> <span class='ocrx_word' id='word_1_92' title='bbox 439 1761 544 1848; x_wconf 85' lang='grc' dir='ltr'><strong><em>βλης</em></strong></span> <span class='ocrx_word' id='word_1_93' title='bbox 566 1763 711 1846; x_wconf 74' lang='grc' dir='ltr'><strong><em>λέγεται,</em></strong></span> <span class='ocrx_word' id='word_1_94' title='bbox 745 1761 789 1838; x_wconf 85' lang='grc' dir='ltr'><strong><em>ιύς</em></strong></span> <span class='ocrx_word' id='word_1_95' title='bbox 820 1759 971 1826; x_wconf 86' lang='grc' dir='ltr'><strong><em>όπισθεν</em></strong></span> <span class='ocrx_word' id='word_1_96' title='bbox 994 1768 1035 1853; x_wconf 81' lang='grc' dir='ltr'><strong><em>τῇ</em></strong></span> <span class='ocrx_word' id='word_1_97' title='bbox 1057 1762 1152 1849; x_wconf 80' lang='grc' dir='ltr'><strong><em>θύρᾳ</em></strong></span> <span class='ocrx_word' id='word_1_98' title='bbox 1176 1761 1355 1842; x_wconf 79' lang='grc' dir='ltr'><strong><em>ἐπιβαλλό-</em></strong></span> 
     </span>
     <span class='ocr_line' id='line_1_14' title="bbox 128 1857 1354 1956; baseline 0 -24"><span class='ocrx_word' id='word_1_99' title='bbox 128 1892 243 1950; x_wconf 90' lang='grc' dir='ltr'><strong><em>μενος.</em></strong></span> <span class='ocrx_word' id='word_1_100' title='bbox 289 1873 354 1936; x_wconf 82' lang='grc' dir='ltr'><strong><em>Καί</em></strong></span> <span class='ocrx_word' id='word_1_101' title='bbox 377 1871 564 1956; x_wconf 88' lang='grc' dir='ltr'><strong><em>πεποίηται</em></strong></span> <span class='ocrx_word' id='word_1_102' title='bbox 586 1875 648 1948; x_wconf 82' lang='grc' dir='ltr'><strong><em>μὲν</em></strong></span> <span class='ocrx_word' id='word_1_103' title='bbox 670 1869 798 1956; x_wconf 79' lang='grc' dir='ltr'><strong><em>ἐλάτης,</em></strong></span> <span class='ocrx_word' id='word_1_104' title='bbox 822 1869 1017 1953; x_wconf 83' lang='grc' dir='ltr'><strong><em>τηλικοῦτος</em></strong></span> <span class='ocrx_word' id='word_1_105' title='bbox 1034 1863 1125 1953; x_wconf 82' lang='grc' dir='ltr'><strong><em>ὅμως</em></strong></span> <span class='ocrx_word' id='word_1_106' title='bbox 1140 1857 1180 1954; x_wconf 75' lang='grc' dir='ltr'><strong><em>ἦν</em></strong></span> <span class='ocrx_word' id='word_1_107' title='bbox 1202 1869 1240 1932; x_wconf 89' lang='grc' dir='ltr'><strong><em>τὸ</em></strong></span> <span class='ocrx_word' id='word_1_108' title='bbox 1264 1876 1354 1950; x_wconf 78' lang='grc' dir='ltr'><strong><em>με’γε-</em></strong></span> 
     </span>
     <span class='ocr_line' id='line_1_15' title="bbox 130 1973 1356 2063; baseline -0.001 -24"><span class='ocrx_word' id='word_1_109' title='bbox 130 1980 202 2052; x_wconf 87' lang='grc' dir='ltr'><strong><em>θυς.</em></strong></span> <span class='ocrx_word' id='word_1_110' title='bbox 227 1979 285 2040; x_wconf 81' lang='grc' dir='ltr'><strong><em>καί</em></strong></span> <span class='ocrx_word' id='word_1_111' title='bbox 316 1979 480 2054; x_wconf 79' lang='grc' dir='ltr'><strong><em>τοσοῦτος</em></strong></span> <span class='ocrx_word' id='word_1_112' title='bbox 510 1976 550 2042; x_wconf 86' lang='grc' dir='ltr'><strong><em>τό</em></strong></span> <span class='ocrx_word' id='word_1_113' title='bbox 581 1977 706 2060; x_wconf 82' lang='grc' dir='ltr'><strong><em>βάρος,</em></strong></span> <span class='ocrx_word' id='word_1_114' title='bbox 745 1973 831 2040; x_wconf 80' lang='grc' dir='ltr'><strong><em>ὥστε</em></strong></span> <span class='ocrx_word' id='word_1_115' title='bbox 862 1974 1050 2063; x_wconf 80' lang='grc' dir='ltr'><strong><em>τρεΐςμέν</em></strong></span> <span class='ocrx_word' id='word_1_116' title='bbox 1088 1975 1356 2062; x_wconf 75' lang='grc' dir='ltr'><strong><em>ἐπιρρήσσεσκον</em></strong></span> 
     </span>
     <span class='ocr_line' id='line_1_16' title="bbox 127 2077 1356 2166; baseline 0 -20"><span class='ocrx_word' id='word_1_117' title='bbox 127 2077 269 2164; x_wconf 76' lang='grc' dir='ltr'><strong><em>Ἀχαιοί,</em></strong></span> <span class='ocrx_word' id='word_1_118' title='bbox 297 2081 456 2165; x_wconf 77' lang='grc' dir='ltr'><strong><em>Ἀχιλλεὺς</em></strong></span> <span class='ocrx_word' id='word_1_119' title='bbox 488 2077 536 2146; x_wconf 82' lang='grc' dir='ltr'><strong><em>δέ</em></strong></span> <span class='ocrx_word' id='word_1_120' title='bbox 556 2080 803 2166; x_wconf 75' lang='grc' dir='ltr'><strong><em>ἐπιρρήσσεσκε</em></strong></span> <span class='ocrx_word' id='word_1_121' title='bbox 834 2083 890 2145; x_wconf 84' lang='grc' dir='ltr'><strong><em>καλ</em></strong></span> <span class='ocrx_word' id='word_1_122' title='bbox 922 2077 1037 2164; x_wconf 61' lang='grc' dir='ltr'><strong><em>οἶοςῖ).</em></strong></span> <span class='ocrx_word' id='word_1_123' title='bbox 1084 2077 1191 2166; x_wconf 75' lang='grc' dir='ltr'><strong><em>Καλδη</em></strong></span> <span class='ocrx_word' id='word_1_124' title='bbox 1220 2077 1356 2158; x_wconf 83' lang='grc' dir='ltr'><strong><em>αύλειος</em></strong></span> 
     </span>
     <span class='ocr_line' id='line_1_17' title="bbox 131 2183 1356 2274; baseline 0.002 -25"><span class='ocrx_word' id='word_1_125' title='bbox 131 2188 223 2272; x_wconf 89' lang='grc' dir='ltr'><strong><em>θύρα</em></strong></span> <span class='ocrx_word' id='word_1_126' title='bbox 246 2191 315 2251; x_wconf 82' lang='grc' dir='ltr'><strong><em>τῶν</em></strong></span> <span class='ocrx_word' id='word_1_127' title='bbox 335 2186 519 2262; x_wconf 79' lang='grc' dir='ltr'><strong><em>Ὀδυσσέως</em></strong></span> <span class='ocrx_word' id='word_1_128' title='bbox 543 2183 741 2274; x_wconf 72' lang='grc' dir='ltr'><strong><em>ἀνακτόρων</em></strong></span> <span class='ocrx_word' id='word_1_129' title='bbox 762 2187 878 2270; x_wconf 76' lang='grc' dir='ltr'><strong><em>μοχλῷ</em></strong></span> <span class='ocrx_word' id='word_1_130' title='bbox 901 2188 1135 2272; x_wconf 81' lang='grc' dir='ltr'><strong><em>ἐπιζυγουμένη</em></strong></span> <span class='ocrx_word' id='word_1_131' title='bbox 1163 2191 1219 2252; x_wconf 82' lang='grc' dir='ltr'><strong><em>καί</em></strong></span> <span class='ocrx_word' id='word_1_132' title='bbox 1245 2189 1356 2272; x_wconf 72' lang='grc' dir='ltr'><strong><em>δεσμῷ</em></strong></span> 
     </span>
     <span class='ocr_line' id='line_1_18' title="bbox 131 2290 1356 2380; baseline 0 -24"><span class='ocrx_word' id='word_1_133' title='bbox 131 2293 273 2377; x_wconf 79' lang='grc' dir='ltr'><strong><em>βυβλίνην</em></strong></span> <span class='ocrx_word' id='word_1_134' title='bbox 307 2295 573 2374; x_wconf 65' lang='grc' dir='ltr'><strong><em>συνεπεδεῑτοέ).</em></strong></span> <span class='ocrx_word' id='word_1_135' title='bbox 623 2290 673 2368; x_wconf 86' lang='grc' dir='ltr'><strong><em>Ὡς</em></strong></span> <span class='ocrx_word' id='word_1_136' title='bbox 704 2294 740 2357; x_wconf 84' lang='grc' dir='ltr'><strong><em>δέ</em></strong></span> <span class='ocrx_word' id='word_1_137' title='bbox 772 2292 808 2356; x_wconf 79' lang='grc' dir='ltr'><strong><em>αλ</em></strong></span> <span class='ocrx_word' id='word_1_138' title='bbox 845 2294 955 2380; x_wconf 88' lang='grc' dir='ltr'><strong><em>θύραι</em></strong></span> <span class='ocrx_word' id='word_1_139' title='bbox 993 2293 1196 2374; x_wconf 82' lang='grc' dir='ltr'><strong><em>ἐμοχλούντο</em></strong></span> <span class='ocrx_word' id='word_1_140' title='bbox 1236 2295 1356 2377; x_wconf 77' lang='grc' dir='ltr'><strong><em>σαφῶς</em></strong></span> 
     </span>
     <span class='ocr_line' id='line_1_19' title="bbox 130 2389 1355 2488; baseline 0.005 -28"><span class='ocrx_word' id='word_1_141' title='bbox 130 2400 357 2480; x_wconf 89' lang='grc' dir='ltr'><strong><em>μανθάνομεν</em></strong></span> <span class='ocrx_word' id='word_1_142' title='bbox 387 2402 424 2474; x_wconf 81' lang='grc' dir='ltr'><strong><em>ἐξ</em></strong></span> <span class='ocrx_word' id='word_1_143' title='bbox 455 2389 501 2463; x_wconf 79' lang='grc' dir='ltr'><strong><em>δν</em></strong></span> <span class='ocrx_word' id='word_1_144' title='bbox 521 2395 668 2488; x_wconf 48' lang='grc' dir='ltr'><strong><em>(Όμηρος</em></strong></span> <span class='ocrx_word' id='word_1_145' title='bbox 698 2403 777 2486; x_wconf 87' lang='grc' dir='ltr'><strong><em>περλ</em></strong></span> <span class='ocrx_word' id='word_1_146' title='bbox 808 2407 876 2465; x_wconf 73' lang='grc' dir='ltr'><strong><em>τοῖν</em></strong></span> <span class='ocrx_word' id='word_1_147' title='bbox 905 2399 1041 2484; x_wconf 77' lang='grc' dir='ltr'><strong><em>μοχλῶν</em></strong></span> <span class='ocrx_word' id='word_1_148' title='bbox 1070 2405 1127 2486; x_wconf 80' lang='grc' dir='ltr'><strong><em>της</em></strong></span> <span class='ocrx_word' id='word_1_149' title='bbox 1157 2401 1264 2488; x_wconf 91' lang='grc' dir='ltr'><strong><em>πύλης</em></strong></span> <span class='ocrx_word' id='word_1_150' title='bbox 1290 2409 1355 2466; x_wconf 83' lang='grc' dir='ltr'><strong><em>τού</em></strong></span> 
     </span>
     <span class='ocr_line' id='line_1_20' title="bbox 130 2504 1332 2599; baseline 0.002 -31"><span class='ocrx_word' id='word_1_151' title='bbox 130 2510 261 2587; x_wconf 85' lang='grc' dir='ltr'><strong><em>τείχους</em></strong></span> <span class='ocrx_word' id='word_1_152' title='bbox 284 2514 352 2571; x_wconf 77' lang='grc' dir='ltr'><strong><em>τῶν</em></strong></span> <span class='ocrx_word' id='word_1_153' title='bbox 374 2505 443 2572; x_wconf 87' lang='grc' dir='ltr'><strong><em>ύπδ</em></strong></span> <span class='ocrx_word' id='word_1_154' title='bbox 467 2511 509 2599; x_wconf 78' lang='grc' dir='ltr'><strong><em>τῇ</em></strong></span> <span class='ocrx_word' id='word_1_155' title='bbox 527 2511 636 2594; x_wconf 84' lang='grc' dir='ltr'><strong><em>Τροίᾳ</em></strong></span> <span class='ocrx_word' id='word_1_156' title='bbox 661 2510 1024 2595; x_wconf 81' lang='grc' dir='ltr'><strong><em>στρατοπεδευομένων</em></strong></span> <span class='ocrx_word' id='word_1_157' title='bbox 1043 2504 1203 2594; x_wconf 78' lang='grc' dir='ltr'><strong><em>Ἑλλήνων</em></strong></span> <span class='ocrx_word' id='word_1_158' title='bbox 1226 2507 1332 2595; x_wconf 76' lang='grc' dir='ltr'><strong><em>εἴρηκε</em></strong></span> 
     </span>
    </p>
   </div>
   <div class='ocr_carea' id='block_1_6' title="bbox 432 2663 1077 2832">
    <p class='ocr_par' dir='ltr' id='par_1_6' title="bbox 432 2663 1077 2832">
     <span class='ocr_line' id='line_1_21' title="bbox 625 2663 989 2741; baseline 0.014 -19"><span class='ocrx_word' id='word_1_159' title='bbox 625 2669 692 2722; x_wconf 80' lang='grc' dir='ltr'><strong><em>δοιοί</em></strong></span> <span class='ocrx_word' id='word_1_160' title='bbox 710 2663 739 2722; x_wconf 70' lang='grc' dir='ltr'><strong><em>δ’</em></strong></span> <span class='ocrx_word' id='word_1_161' title='bbox 757 2667 889 2724; x_wconf 82' lang='grc' dir='ltr'><strong><em>ἔντοσθεν</em></strong></span> <span class='ocrx_word' id='word_1_162' title='bbox 907 2663 989 2741; x_wconf 78' lang='grc' dir='ltr'><strong><em>όχῆεέ</em></strong></span> 
     </span>
     <span class='ocr_line' id='line_1_22' title="bbox 432 2754 1077 2832; baseline 0.006 -22"><span class='ocrx_word' id='word_1_163' title='bbox 432 2754 509 2827; x_wconf 80' lang='grc' dir='ltr'><strong><em>είχον</em></strong></span> <span class='ocrx_word' id='word_1_164' title='bbox 529 2757 680 2827; x_wconf 82' lang='grc' dir='ltr'><strong><em>ἐπημοιβοί,</em></strong></span> <span class='ocrx_word' id='word_1_165' title='bbox 700 2757 752 2826; x_wconf 85' lang='grc' dir='ltr'><strong><em>μία</em></strong></span> <span class='ocrx_word' id='word_1_166' title='bbox 771 2757 800 2810; x_wconf 82' lang='grc' dir='ltr'><strong><em>δὲ</em></strong></span> <span class='ocrx_word' id='word_1_167' title='bbox 819 2759 892 2824; x_wconf 83' lang='grc' dir='ltr'><strong><em>κληίς</em></strong></span> <span class='ocrx_word' id='word_1_168' title='bbox 910 2757 1077 2832; x_wconf 67' lang='grc' dir='ltr'><strong><em>ἐπαρήρειί).</em></strong></span> 
     </span>
    </p>
   </div>
   <div class='ocr_carea' id='block_1_7' title="bbox 125 2875 1354 4166">
    <p class='ocr_par' dir='ltr' id='par_1_7' title="bbox 125 2875 1354 4166">
     <span class='ocr_line' id='line_1_23' title="bbox 130 2875 1354 2982; baseline 0.002 -22"><span class='ocrx_word' id='word_1_169' title='bbox 130 2901 234 2961; x_wconf 86' lang='grc' dir='ltr'><strong><em>Δοκεῖ</em></strong></span> <span class='ocrx_word' id='word_1_170' title='bbox 256 2919 316 2978; x_wconf 93' lang='grc' dir='ltr'><strong><em>μοι</em></strong></span> <span class='ocrx_word' id='word_1_171' title='bbox 339 2903 452 2961; x_wconf 86' lang='grc' dir='ltr'><strong><em>τοίνυν</em></strong></span> <span class='ocrx_word' id='word_1_172' title='bbox 482 2896 560 2973; x_wconf 89' lang='grc' dir='ltr'><strong><em>τούς</em></strong></span> <span class='ocrx_word' id='word_1_173' title='bbox 592 2888 724 2982; x_wconf 73' lang='grc' dir='ltr'><strong><em>όχεῖςῆ</em></strong></span> <span class='ocrx_word' id='word_1_174' title='bbox 753 2875 900 2980; x_wconf 83' lang='grc' dir='ltr'><strong><em>μοχλούς</em></strong></span> <span class='ocrx_word' id='word_1_175' title='bbox 922 2898 1061 2975; x_wconf 88' lang='grc' dir='ltr'><strong><em>τούτους</em></strong></span> <span class='ocrx_word' id='word_1_176' title='bbox 1084 2902 1141 2964; x_wconf 77' lang='grc' dir='ltr'><strong><em>καὶ</em></strong></span> <span class='ocrx_word' id='word_1_177' title='bbox 1165 2898 1275 2964; x_wconf 89' lang='grc' dir='ltr'><strong><em>πάλαι</em></strong></span> <span class='ocrx_word' id='word_1_178' title='bbox 1297 2923 1354 2963; x_wconf 90' lang='grc' dir='ltr'><strong><em>κοι-</em></strong></span> 
     </span>
     <span class='ocr_line' id='line_1_24' title="bbox 130 3002 1354 3092; baseline 0.002 -27"><span class='ocrx_word' id='word_1_179' title='bbox 130 3004 367 3068; x_wconf 88' lang='grc' dir='ltr'><strong><em>τεσκευάσθαι</em></strong></span> <span class='ocrx_word' id='word_1_180' title='bbox 390 3006 446 3067; x_wconf 84' lang='grc' dir='ltr'><strong><em>καί</em></strong></span> <span class='ocrx_word' id='word_1_181' title='bbox 479 3004 726 3088; x_wconf 78' lang='grc' dir='ltr'><strong><em>ἐπιβεβλῆσθαι</em></strong></span> <span class='ocrx_word' id='word_1_182' title='bbox 758 3002 873 3092; x_wconf 80' lang='grc' dir='ltr'><strong><em>δίσπερ</em></strong></span> <span class='ocrx_word' id='word_1_183' title='bbox 896 3009 954 3069; x_wconf 88' lang='grc' dir='ltr'><strong><em>καί</em></strong></span> <span class='ocrx_word' id='word_1_184' title='bbox 977 3009 1038 3070; x_wconf 81' lang='grc' dir='ltr'><strong><em>νῦν</em></strong></span> <span class='ocrx_word' id='word_1_185' title='bbox 1060 3008 1108 3070; x_wconf 79' lang='grc' dir='ltr'><strong><em>ἐτι</em></strong></span> <span class='ocrx_word' id='word_1_186' title='bbox 1131 3015 1207 3082; x_wconf 88' lang='grc' dir='ltr'><strong><em>ταῖς</em></strong></span> <span class='ocrx_word' id='word_1_187' title='bbox 1230 3005 1354 3079; x_wconf 86' lang='grc' dir='ltr'><strong><em>πύλαις</em></strong></span> 
     </span>
     <span class='ocr_line' id='line_1_25' title="bbox 126 3109 1353 3198; baseline 0.002 -26"><span class='ocrx_word' id='word_1_188' title='bbox 126 3115 197 3175; x_wconf 74' lang='grc' dir='ltr'><strong><em>τοῖν</em></strong></span> <span class='ocrx_word' id='word_1_189' title='bbox 220 3109 412 3196; x_wconf 82' lang='grc' dir='ltr'><strong><em>περιβόλων</em></strong></span> <span class='ocrx_word' id='word_1_190' title='bbox 442 3111 598 3176; x_wconf 80' lang='grc' dir='ltr'><strong><em>παλαιῶν</em></strong></span> <span class='ocrx_word' id='word_1_191' title='bbox 626 3117 875 3198; x_wconf 77' lang='grc' dir='ltr'><strong><em>Χριστιανικιόν</em></strong></span> <span class='ocrx_word' id='word_1_192' title='bbox 904 3117 1005 3177; x_wconf 77' lang='grc' dir='ltr'><strong><em>ναῶν.</em></strong></span> <span class='ocrx_word' id='word_1_193' title='bbox 1043 3110 1213 3178; x_wconf 81' lang='grc' dir='ltr'><strong><em>’Όπισθεν</em></strong></span> <span class='ocrx_word' id='word_1_194' title='bbox 1243 3113 1353 3198; x_wconf 74' lang='grc' dir='ltr'><strong><em>δηπου</em></strong></span> 
     </span>
     <span class='ocr_line' id='line_1_26' title="bbox 125 3215 1354 3306; baseline 0.003 -28"><span class='ocrx_word' id='word_1_195' title='bbox 125 3223 195 3282; x_wconf 76' lang='grc' dir='ltr'><strong><em>τόν</em></strong></span> <span class='ocrx_word' id='word_1_196' title='bbox 226 3218 344 3283; x_wconf 78' lang='grc' dir='ltr'><strong><em>πυλῶν</em></strong></span> <span class='ocrx_word' id='word_1_197' title='bbox 373 3215 462 3298; x_wconf 84' lang='grc' dir='ltr'><strong><em>μετά</em></strong></span> <span class='ocrx_word' id='word_1_198' title='bbox 492 3218 555 3294; x_wconf 84' lang='grc' dir='ltr'><strong><em>τὰς</em></strong></span> <span class='ocrx_word' id='word_1_199' title='bbox 585 3218 813 3304; x_wconf 79' lang='grc' dir='ltr'><strong><em>παραστάδας</em></strong></span> <span class='ocrx_word' id='word_1_200' title='bbox 845 3219 906 3285; x_wconf 90' lang='grc' dir='ltr'><strong><em>δύο</em></strong></span> <span class='ocrx_word' id='word_1_201' title='bbox 930 3224 1054 3306; x_wconf 81' lang='grc' dir='ltr'><strong><em>μακραί</em></strong></span> <span class='ocrx_word' id='word_1_202' title='bbox 1086 3225 1181 3284; x_wconf 85' lang='grc' dir='ltr'><strong><em>δοκοί</em></strong></span> <span class='ocrx_word' id='word_1_203' title='bbox 1202 3223 1288 3283; x_wconf 79' lang='grc' dir='ltr'><strong><em>εἰσιν</em></strong></span> <span class='ocrx_word' id='word_1_204' title='bbox 1318 3223 1354 3283; x_wconf 87' lang='grc' dir='ltr'><strong><em>ἐν</em></strong></span> 
     </span>
     <span class='ocr_line' id='line_1_27' title="bbox 126 3319 1353 3411; baseline 0.004 -27"><span class='ocrx_word' id='word_1_205' title='bbox 126 3319 339 3410; x_wconf 78' lang='grc' dir='ltr'><strong><em>α’μφοτέρυις</em></strong></span> <span class='ocrx_word' id='word_1_206' title='bbox 351 3333 424 3399; x_wconf 77' lang='grc' dir='ltr'><strong><em>τοῖς</em></strong></span> <span class='ocrx_word' id='word_1_207' title='bbox 436 3331 562 3406; x_wconf 89' lang='grc' dir='ltr'><strong><em>τοίχοις</em></strong></span> <span class='ocrx_word' id='word_1_208' title='bbox 579 3330 636 3410; x_wconf 83' lang='grc' dir='ltr'><strong><em>τῆς</em></strong></span> <span class='ocrx_word' id='word_1_209' title='bbox 652 3324 758 3410; x_wconf 89' lang='grc' dir='ltr'><strong><em>πύλης</em></strong></span> <span class='ocrx_word' id='word_1_210' title='bbox 773 3325 973 3409; x_wconf 88' lang='grc' dir='ltr'><strong><em>ἐπικάρσιαι</em></strong></span> <span class='ocrx_word' id='word_1_211' title='bbox 988 3327 1353 3411; x_wconf 79' lang='grc' dir='ltr'><strong><em>ἐγκατῳκοδομημένον,</em></strong></span> 
     </span>
     <span class='ocr_line' id='line_1_28' title="bbox 125 3429 1352 3518; baseline 0.002 -27"><span class='ocrx_word' id='word_1_212' title='bbox 125 3433 258 3516; x_wconf 78' lang='grc' dir='ltr'><strong><em>κινηταὶ</em></strong></span> <span class='ocrx_word' id='word_1_213' title='bbox 289 3431 323 3494; x_wconf 80' lang='grc' dir='ltr'><strong><em>δὲ</em></strong></span> <span class='ocrx_word' id='word_1_214' title='bbox 353 3438 410 3496; x_wconf 89' lang='grc' dir='ltr'><strong><em>καί</em></strong></span> <span class='ocrx_word' id='word_1_215' title='bbox 441 3431 499 3496; x_wconf 85' lang='grc' dir='ltr'><strong><em>διά</em></strong></span> <span class='ocrx_word' id='word_1_216' title='bbox 530 3437 632 3496; x_wconf 83' lang='grc' dir='ltr'><strong><em>τοῦτο</em></strong></span> <span class='ocrx_word' id='word_1_217' title='bbox 664 3433 711 3508; x_wconf 84' lang='grc' dir='ltr'><strong><em>είς</em></strong></span> <span class='ocrx_word' id='word_1_218' title='bbox 741 3456 777 3494; x_wconf 91' lang='grc' dir='ltr'><strong><em>τε</em></strong></span> <span class='ocrx_word' id='word_1_219' title='bbox 813 3432 852 3497; x_wconf 87' lang='grc' dir='ltr'><strong><em>τό</em></strong></span> <span class='ocrx_word' id='word_1_220' title='bbox 885 3431 1003 3518; x_wconf 87' lang='grc' dir='ltr'><strong><em>πρόσω</em></strong></span> <span class='ocrx_word' id='word_1_221' title='bbox 1035 3436 1091 3497; x_wconf 77' lang='grc' dir='ltr'><strong><em>καὶ</em></strong></span> <span class='ocrx_word' id='word_1_222' title='bbox 1124 3429 1352 3510; x_wconf 83' lang='grc' dir='ltr'><strong><em>είς·τυύπίσω</em></strong></span> 
     </span>
     <span class='ocr_line' id='line_1_29' title="bbox 127 3529 1354 3621; baseline 0.002 -21"><span class='ocrx_word' id='word_1_223' title='bbox 127 3533 253 3620; x_wconf 78' lang='grc' dir='ltr'><strong><em>ῥᾳδίως</em></strong></span> <span class='ocrx_word' id='word_1_224' title='bbox 270 3531 449 3602; x_wconf 76' lang='grc' dir='ltr'><strong><em>ω’θεῖσθαι</em></strong></span> <span class='ocrx_word' id='word_1_225' title='bbox 463 3538 660 3618; x_wconf 85' lang='grc' dir='ltr'><strong><em>δυνάμεναι.</em></strong></span> <span class='ocrx_word' id='word_1_226' title='bbox 686 3538 905 3621; x_wconf 85' lang='grc' dir='ltr'><strong><em>Μυχλοδντες</em></strong></span> <span class='ocrx_word' id='word_1_227' title='bbox 922 3529 982 3604; x_wconf 86' lang='grc' dir='ltr'><strong><em>ούν</em></strong></span> <span class='ocrx_word' id='word_1_228' title='bbox 997 3541 1059 3620; x_wconf 83' lang='grc' dir='ltr'><strong><em>τρὶς</em></strong></span> <span class='ocrx_word' id='word_1_229' title='bbox 1075 3540 1183 3616; x_wconf 91' lang='grc' dir='ltr'><strong><em>πύλας</em></strong></span> <span class='ocrx_word' id='word_1_230' title='bbox 1199 3541 1354 3605; x_wconf 83' lang='grc' dir='ltr'><strong><em>ἐλκουσιν</em></strong></span> 
     </span>
     <span class='ocr_line' id='line_1_30' title="bbox 127 3641 1352 3735; baseline 0.005 -33"><span class='ocrx_word' id='word_1_231' title='bbox 127 3641 291 3726; x_wconf 76' lang='grc' dir='ltr'><strong><em>ἑκατέραν</em></strong></span> <span class='ocrx_word' id='word_1_232' title='bbox 314 3643 417 3708; x_wconf 86' lang='grc' dir='ltr'><strong><em>δοκὸν</em></strong></span> <span class='ocrx_word' id='word_1_233' title='bbox 446 3647 479 3720; x_wconf 80' lang='grc' dir='ltr'><strong><em>ἐς</em></strong></span> <span class='ocrx_word' id='word_1_234' title='bbox 501 3643 534 3709; x_wconf 83' lang='grc' dir='ltr'><strong><em>τ’</em></strong></span> <span class='ocrx_word' id='word_1_235' title='bbox 559 3642 602 3710; x_wconf 75' lang='grc' dir='ltr'><strong><em>ἂν</em></strong></span> <span class='ocrx_word' id='word_1_236' title='bbox 625 3644 685 3730; x_wconf 79' lang='grc' dir='ltr'><strong><em>την</em></strong></span> <span class='ocrx_word' id='word_1_237' title='bbox 715 3643 860 3730; x_wconf 75' lang='grc' dir='ltr'><strong><em>κεφαλὴν</em></strong></span> <span class='ocrx_word' id='word_1_238' title='bbox 890 3641 992 3731; x_wconf 84' lang='grc' dir='ltr'><strong><em>αύτῆς</em></strong></span> <span class='ocrx_word' id='word_1_239' title='bbox 1015 3647 1063 3722; x_wconf 88' lang='grc' dir='ltr'><strong><em>είς</em></strong></span> <span class='ocrx_word' id='word_1_240' title='bbox 1084 3649 1205 3735; x_wconf 87' lang='grc' dir='ltr'><strong><em>μικρόν</em></strong></span> <span class='ocrx_word' id='word_1_241' title='bbox 1227 3671 1261 3710; x_wconf 91' lang='grc' dir='ltr'><strong><em>τι</em></strong></span> <span class='ocrx_word' id='word_1_242' title='bbox 1284 3649 1352 3709; x_wconf 91' lang='grc' dir='ltr'><strong><em>κοί-</em></strong></span> 
     </span>
     <span class='ocr_line' id='line_1_31' title="bbox 127 3743 1352 3840; baseline 0.002 -29"><span class='ocrx_word' id='word_1_243' title='bbox 127 3743 225 3830; x_wconf 83' lang='grc' dir='ltr'><strong><em>λωμα</em></strong></span> <span class='ocrx_word' id='word_1_244' title='bbox 249 3752 306 3813; x_wconf 84' lang='grc' dir='ltr'><strong><em>ἐπὶ</em></strong></span> <span class='ocrx_word' id='word_1_245' title='bbox 330 3756 390 3814; x_wconf 85' lang='grc' dir='ltr'><strong><em>τού</em></strong></span> <span class='ocrx_word' id='word_1_246' title='bbox 415 3747 647 3833; x_wconf 81' lang='grc' dir='ltr'><strong><em>α’ντικειμένου</em></strong></span> <span class='ocrx_word' id='word_1_247' title='bbox 663 3755 781 3835; x_wconf 88' lang='grc' dir='ltr'><strong><em>τοίχου</em></strong></span> <span class='ocrx_word' id='word_1_248' title='bbox 798 3758 856 3837; x_wconf 85' lang='grc' dir='ltr'><strong><em>τῆς</em></strong></span> <span class='ocrx_word' id='word_1_249' title='bbox 878 3753 980 3840; x_wconf 88' lang='grc' dir='ltr'><strong><em>πύλης</em></strong></span> <span class='ocrx_word' id='word_1_250' title='bbox 1003 3754 1206 3838; x_wconf 86' lang='grc' dir='ltr'><strong><em>ἐμβάλωσιν.</em></strong></span> <span class='ocrx_word' id='word_1_251' title='bbox 1255 3747 1352 3817; x_wconf 78' lang='grc' dir='ltr'><strong><em>Οἷίτω</em></strong></span> 
     </span>
     <span class='ocr_line' id='line_1_32' title="bbox 130 3853 1354 3942; baseline 0.002 -23"><span class='ocrx_word' id='word_1_252' title='bbox 130 3854 169 3938; x_wconf 76' lang='grc' dir='ltr'><strong><em>δὴ</em></strong></span> <span class='ocrx_word' id='word_1_253' title='bbox 193 3856 456 3940; x_wconf 84' lang='grc' dir='ltr'><strong><em>ἐπιβεβλημέναι</em></strong></span> <span class='ocrx_word' id='word_1_254' title='bbox 487 3853 647 3942; x_wconf 83' lang='grc' dir='ltr'><strong><em>άλλήλαις</em></strong></span> <span class='ocrx_word' id='word_1_255' title='bbox 678 3860 864 3924; x_wconf 81' lang='grc' dir='ltr'><strong><em>ἐπίκεινται</em></strong></span> <span class='ocrx_word' id='word_1_256' title='bbox 896 3866 952 3926; x_wconf 82' lang='grc' dir='ltr'><strong><em>καί</em></strong></span> <span class='ocrx_word' id='word_1_257' title='bbox 983 3861 1041 3926; x_wconf 84' lang='grc' dir='ltr'><strong><em>διὰ</em></strong></span> <span class='ocrx_word' id='word_1_258' title='bbox 1072 3867 1172 3925; x_wconf 83' lang='grc' dir='ltr'><strong><em>τοῦτο</em></strong></span> <span class='ocrx_word' id='word_1_259' title='bbox 1205 3860 1237 3924; x_wconf 80' lang='lat' dir='ltr'><strong><em>ol</em></strong></span> <span class='ocrx_word' id='word_1_260' title='bbox 1266 3855 1354 3940; x_wconf 87' lang='grc' dir='ltr'><strong><em>όχεῖς</em></strong></span> 
     </span>
     <span class='ocr_line' id='line_1_33' title="bbox 131 3955 1354 4050; baseline 0.007 -29"><span class='ocrx_word' id='word_1_261' title='bbox 131 3955 197 4026; x_wconf 86' lang='grc' dir='ltr'><strong><em>ύπδ</em></strong></span> <span class='ocrx_word' id='word_1_262' title='bbox 227 3960 369 4050; x_wconf 80' lang='grc' dir='ltr'><strong><em>Ὁμήρου</em></strong></span> <span class='ocrx_word' id='word_1_263' title='bbox 399 3968 582 4049; x_wconf 83' lang='grc' dir='ltr'><strong><em>ἐπημοιβοί</em></strong></span> <span class='ocrx_word' id='word_1_264' title='bbox 621 3966 906 4046; x_wconf 87' lang='grc' dir='ltr'><strong><em>ἐπονομάζονται.</em></strong></span> <span class='ocrx_word' id='word_1_265' title='bbox 949 3966 1097 4032; x_wconf 89' lang='grc' dir='ltr'><strong><em>Ὁπόταν</em></strong></span> <span class='ocrx_word' id='word_1_266' title='bbox 1128 3967 1163 4031; x_wconf 84' lang='grc' dir='ltr'><strong><em>δέ</em></strong></span> <span class='ocrx_word' id='word_1_267' title='bbox 1194 3966 1231 4030; x_wconf 81' lang='grc' dir='ltr'><strong><em>αἱ</em></strong></span> <span class='ocrx_word' id='word_1_268' title='bbox 1261 3967 1354 4030; x_wconf 79' lang='grc' dir='ltr'><strong><em>δοκοί</em></strong></span> 
     </span>
     <span class='ocr_line' id='line_1_34' title="bbox 128 4065 1353 4166; baseline 0.003 -34"><span class='ocrx_word' id='word_1_269' title='bbox 128 4065 173 4152; x_wconf 79' lang='grc' dir='ltr'><strong><em>μη</em></strong></span> <span class='ocrx_word' id='word_1_270' title='bbox 199 4067 344 4154; x_wconf 79' lang='grc' dir='ltr'><strong><em>α’κριβῶς</em></strong></span> <span class='ocrx_word' id='word_1_271' title='bbox 367 4073 424 4156; x_wconf 88' lang='grc' dir='ltr'><strong><em>τη”ς</em></strong></span> <span class='ocrx_word' id='word_1_272' title='bbox 448 4069 550 4156; x_wconf 89' lang='grc' dir='ltr'><strong><em>πύλης</em></strong></span> <span class='ocrx_word' id='word_1_273' title='bbox 573 4071 806 4156; x_wconf 80' lang='grc' dir='ltr'><strong><em>ἐφάπτωνται,</em></strong></span> <span class='ocrx_word' id='word_1_274' title='bbox 831 4070 909 4139; x_wconf 73' lang='grc' dir='ltr'><strong><em>ἄλλ’</em></strong></span> <span class='ocrx_word' id='word_1_275' title='bbox 932 4065 952 4166; x_wconf 79' lang='grc' dir='ltr'><strong><em>ᾖ</em></strong></span> <span class='ocrx_word' id='word_1_276' title='bbox 974 4073 1103 4155; x_wconf 83' lang='grc' dir='ltr'><strong><em>μεταξύ</em></strong></span> <span class='ocrx_word' id='word_1_277' title='bbox 1128 4071 1299 4158; x_wconf 87' lang='grc' dir='ltr'><strong><em>διάστημά</em></strong></span> <span class='ocrx_word' id='word_1_278' title='bbox 1320 4096 1353 4136; x_wconf 93' lang='grc' dir='ltr'><strong><em>τι</em></strong></span> 
     </span>
    </p>
   </div>
   <div class='ocr_carea' id='block_1_8' title="bbox 128 4278 1350 4521">
    <p class='ocr_par' dir='ltr' id='par_1_8' title="bbox 128 4278 1350 4521">
     <span class='ocr_line' id='line_1_35' title="bbox 219 4278 1350 4354; baseline 0.004 -18"><span class='ocrx_word' id='word_1_279' title='bbox 219 4286 244 4353; x_wconf 93' lang='lat'><strong><em>1)</em></strong></span> <span class='ocrx_word' id='word_1_280' title='bbox 263 4279 313 4340; x_wconf 73' lang='grc' dir='ltr'><strong><em>ὀι</em></strong></span> <span class='ocrx_word' id='word_1_281' title='bbox 334 4289 368 4340; x_wconf 77' lang='grc' dir='ltr'><strong><em>Α.</em></strong></span> <span class='ocrx_word' id='word_1_282' title='bbox 388 4289 521 4338; x_wconf 79' lang='lat'>441-42.</span> <span class='ocrx_word' id='word_1_283' title='bbox 579 4287 606 4354; x_wconf 77' lang='grc' dir='ltr'><strong><em>ν)</em></strong></span> <span class='ocrx_word' id='word_1_284' title='bbox 624 4278 666 4340; x_wconf 75' lang='grc' dir='ltr'><strong><em>’τι</em></strong></span> <span class='ocrx_word' id='word_1_285' title='bbox 686 4289 719 4340; x_wconf 87' lang='grc' dir='ltr'><strong><em>ο.</em></strong></span> <span class='ocrx_word' id='word_1_286' title='bbox 733 4292 849 4342; x_wconf 76' lang='grc' dir='ltr'><strong><em>εει-ο.</em></strong></span> <span class='ocrx_word' id='word_1_287' title='bbox 907 4287 934 4354; x_wconf 87' lang='lat'><strong><em>3)</em></strong></span> <span class='ocrx_word' id='word_1_288' title='bbox 953 4279 1004 4339; x_wconf 72' lang='grc' dir='ltr'><strong><em>ὀι</em></strong></span> <span class='ocrx_word' id='word_1_289' title='bbox 1028 4291 1064 4342; x_wconf 77' lang='grc' dir='ltr'><strong><em>Φ.</em></strong></span> <span class='ocrx_word' id='word_1_290' title='bbox 1080 4291 1195 4342; x_wconf 78' lang='lat'>240-1.</span> <span class='ocrx_word' id='word_1_291' title='bbox 1217 4291 1350 4342; x_wconf 81' lang='grc' dir='ltr'><strong><em>εεε-οι.</em></strong></span> 
     </span>
     <span class='ocr_line' id='line_1_36' title="bbox 128 4365 413 4434; baseline 0.039 -16"><span class='ocrx_word' id='word_1_292' title='bbox 128 4367 156 4434; x_wconf 81' lang='grc'><strong><em>4)</em></strong></span> <span class='ocrx_word' id='word_1_293' title='bbox 177 4365 217 4426; x_wconf 74' lang='grc' dir='ltr'><strong><em>’τι</em></strong></span> <span class='ocrx_word' id='word_1_294' title='bbox 239 4378 277 4427; x_wconf 82' lang='grc' dir='ltr'><strong><em>Μ.</em></strong></span> <span class='ocrx_word' id='word_1_295' title='bbox 299 4379 413 4431; x_wconf 79' lang='lat'><strong>455-6.</strong></span> 
     </span>
     <span class='ocr_line' id='line_1_37' title="bbox 1103 4469 1139 4521; baseline 0 -26"><span class='ocrx_word' id='word_1_296' title='bbox 1103 4469 1139 4521; x_wconf 63' lang='lat' dir='ltr'><strong><em>fit</em></strong></span> 
     </span>
    </p>
   </div>
   <div class='ocr_carea' id='block_1_9' title="bbox 0 0 1562 4810">
    <p class='ocr_par' dir='ltr' id='par_1_9' title="bbox 0 0 1562 4810">
     <span class='ocr_line' id='line_1_38' title="bbox 0 0 1562 4810; baseline 0 0"><span class='ocrx_word' id='word_1_297' title='bbox 0 0 1562 4810; x_wconf 95' lang='lat' dir='ltr'><strong><em> </em></strong></span> 
     </span>
    </p>
   </div>
  </div>
 </body>
</html>
