3114 4810
731 183 772 250 55

136 362 302 444 προσθεν
325 359 458 444 εἴρηταί
477 381 548 441 μοι,
581 352 635 422 ότι
665 360 721 422 καί
744 358 781 422 έν
808 366 879 432 τοῖς
901 357 1077 438 θαλάμοις
1106 365 1163 444 τῆς
1193 355 1297 445 αύλῆς
1326 359 1363 423 αί

135 465 255 543 δμωαί
277 474 431 546 γυναῖκες
462 464 662 551 είργάζοντο.
711 468 753 528 Τί
781 453 856 546 ούν;
889 468 947 528 καί
977 465 1117 556 τούτους
1147 469 1300 550 φήσομεν
1323 471 1362 558 τῇ

134 573 386 655 γυναικωνίτιδι
402 574 600 656 προσήκειν,
628 576 705 636 Τοίν
719 593 754 652 γε
778 570 888 657 δη’που
912 572 1032 654 δμωοίν
1055 577 1219 654 γυναικοῖν
1242 573 1278 649 αί
1300 577 1363 652 μέν

137 671 232 764 ἦσαν
247 680 439 759 παιδίσκαι,
464 677 500 742 αί
524 678 559 741 δέ
575 684 809 762 παρηβηκνῐαι
831 675 892 763 ἤδη
916 678 976 762 τὴν
998 674 1139 762 ἡλικίαν,
1169 683 1266 744 νέαι
1289 676 1362 766 Ιἠδέ

135 786 356 866 παλαιαί,
380 778 495 869 ὥσπερ
511 778 657 868 Ὅμηρος
681 779 787 858 αύτὰς
810 784 952 867 καλεῑὶ).
1001 785 1138 850 Τούτων
1161 775 1220 850 σύν
1243 786 1280 850 αί
1301 791 1363 865 μὲν

132 898 390 975 καθεστηκυῖαι
412 891 457 955 τά
486 892 730 976 δυσχερέστερα
760 895 828 956 τοῖν
858 893 959 977 έργων
988 895 1044 956 καί
1075 892 1188 956 πολὺν
1212 893 1363 977 θόρυβον

133 1003 325 1079 ποιοῦντα,
350 992 489 1082 οἷόνπερ
513 998 551 1061 τό
578 992 684 1078 άλεῖν,
707 997 744 1061 έν
767 999 838 1073 τοῖς
853 997 1029 1078 θαλάμοις
1048 1001 1106 1084 τῆς
1122 993 1224 1084 αὐλῆς
1239 1000 1361 1084 έπρατ·

134 1113 253 1190 τουῦ).
299 1105 339 1168 Al
363 1105 399 1167 δέ
430 1081 604 1168 παιδίσκαι
634 1106 691 1166 καί
723 1098 937 1182 άκμάζονσαι
966 1105 1179 1180 παιδεύσειός
1207 1129 1244 1170 τε
1267 1105 1362 1170 ἕνεκα

135 1218 200 1278 καί
240 1211 458 1297 σωφροσύνης
493 1218 530 1274 έν
567 1212 608 1300 τῇ
638 1213 886 1294 γυναικωνίτιδι
923 1215 1104 1292 κατέμενον
1134 1211 1362 1297 ἐργαζόμεναι.

135 1319 309 1386 Ἐνταῦθα
355 1316 416 1401 γὰρ
462 1317 501 1381 τό
541 1317 680 1401 πρῶτον
716 1314 784 1381 ύπδ
823 1326 881 1402 τῆς
918 1314 1136 1402 Εύρνκλείας,
1175 1315 1195 1404 ἢ
1234 1323 1363 1394 σκοπός

140 1425 290 1506 δμωάων
326 1413 419 1507 ἧνθ),
458 1423 680 1488 ἐπαιδεύοντο
720 1423 810 1509 εἴριά
841 1448 877 1486 τε
909 1426 1037 1497 ξαίνειν
1073 1427 1130 1489 καί
1161 1423 1364 1508 δουλοσύνην

140 1529 377 1615 άνέχεσθαιί),
414 1529 577 1616 καθάπερ
609 1530 646 1592 έν
675 1537 748 1603 τοῖς
778 1524 920 1616 ίίστερον
949 1530 1084 1617 χρόνοις
1115 1531 1147 1595 σί
1177 1529 1293 1596 δοῦλοι
1318 1531 1362 1594 τά
1455 1541 1458 1548 “

144 1639 294 1721 ἐγκύκλια
325 1636 559 1722 διακονήματα
583 1636 777 1718 καλούμενα
808 1643 844 1699 ἐν
867 1637 1088 1720 διδασκαλείῳ
1119 1637 1362 1720 έμάνθανονδ).

146 1742 194 1810 Ἕκ
217 1748 273 1828 τῆς
295 1745 565 1827 γυναικωνίτιδος
596 1739 630 1805 δ’
654 1733 701 1807 αύ
730 1746 786 1807 καί
810 1738 891 1807 ὅσοι
915 1741 1027 1808 αύτοῖν
1049 1745 1165 1829 λάθρα
1190 1753 1262 1820 τοῖς
1283 1765 1364 1826 μνη·
1433 1807 1435 1811 ,

145 1858 282 1937 στῆρσιν
305 1854 492 1933 ἐμίγνυντο,
515 1848 631 1923 νυκτός
653 1850 803 1940 ἐξῄεσαν,
833 1845 919 1914 ὅθεν
942 1851 1041 1937 δῆλον
1064 1855 1219 1932 γίγνεται,
1250 1847 1304 1914 ὅτι
1327 1857 1364 1914 έν

144 1955 227 2050 αὕτη·
250 1964 434 2038 ἐκοιμῶντο
445 1963 482 2039 ⁶).
528 1961 630 2021 Δοκεῖ
659 1955 695 2019 δέ
723 1977 784 2036 μοι
815 1959 872 2020 καί
895 1956 955 2033 τάς
979 1958 1133 2038 πυέλους,
1165 1953 1364 2042 ἃςὍμηρος

144 2061 363 2144 άσαμίνθονς
386 2063 494 2143 καλεῖ,
525 2063 561 2127 ἐν
584 2052 625 2154 τῇ
648 2066 893 2145 γυναικωνίτιδι
917 2068 1067 2128 κεῖσθαι.
1106 2069 1227 2128 Καίτοι
1257 2064 1293 2127 δέ
1324 2059 1364 2128 ού

144 2172 267 2255 φράζει
292 2174 409 2250 σαφῶς
432 2168 493 2232 τόν
507 2165 627 2252 τόπον,
644 2171 731 2234 ἔνθα
747 2157 845 2253 ἦσαν,
867 2166 960 2249 ὅμως
977 2165 1054 2233 ὅσοι
1068 2193 1102 2252 γε
1118 2173 1186 2234 τῶν
1203 2165 1364 2252 άφικνσν-

146 2283 251 2355 μένων
274 2277 375 2348 ξένων
396 2274 547 2339 λοῦσθαι
569 2276 734 2358 μέλλοιεν,
758 2277 804 2350 είς
827 2275 889 2339 τόν
905 2275 1067 2358 ἐγγυτάτω
1083 2283 1126 2368 τῇ
1150 2271 1365 2361 ἀνδρωνίτιδι

144 2388 299 2462 κείμενον
322 2380 484 2460 θάλαμον
508 2388 692 2465 φαίνονται
714 2387 944 2464 μεταβαίνειν.
985 2378 1110 2446 Αύτίκα
1133 2378 1153 2466 ἦ
1176 2387 1238 2465 μέν
1261 2388 1363 2466 ταμίη

145 2480 223 2572 γννῆ
247 2485 441 2572 καθήμενον
463 2494 497 2552 ἐν
520 2496 561 2582 τῇ
580 2484 725 2553 Ἀλκίνου
750 2485 962 2575 άνδρωνίτιδι
983 2485 1143 2555 Ὀδυσσέα
1167 2489 1364 2554 λούσασθαι

141 2594 281 2676 κελεύει,
295 2592 314 2658 ό
328 2598 364 2660 δὲ
378 2592 545 2660 άπελθιόν
558 2601 614 2660 καί
626 2596 834 2676 λουσάμενος
846 2600 979 2682 ἔρχεται
992 2597 1098 2661 πάλιν
1112 2597 1160 2672 είς
1171 2593 1363 2682 τὴνάνδρω·

140 2710 230 2766 νῐτιν
247 2711 311 2783 ,ἐκ
328 2698 360 2788 ρ’
382 2700 639 2783 άσαμίνθον
659 2704 743 2784 βάς
760 2701 922 2789 ἄνδρας
941 2708 1041 2783 μέτα
1064 2708 1364 2788 οἰνοποτῆρας

141 2805 257 2893 ἢιιῚ).
305 2812 368 2880 Καὶ
394 2807 413 2872 ό
439 2809 631 2892 Τηλέμαχος
655 2814 711 2873 καί
729 2807 748 2873 ό
764 2812 857 2884 ξένος
875 2809 1102 2889 Θεοκλύμενος
1118 2815 1165 2884 είς
1180 2808 1238 2894 τὴν
1254 2809 1365 2873 οὶκίαν

142 2910 349 2997 άφικόμενοι
373 2921 511 3000 πρῶτον
533 2921 596 2996 μὲν
619 2917 681 2992 τὰς
706 2915 846 2997 χλαίνας
868 2921 926 2981 ἐπὶ
949 2923 1017 2981 τοῖν
1032 2919 1067 2981 ἐν
1090 2919 1129 3012 τῇ
1146 2912 1363 3002 α’νδρωνίτιδι
1416 2931 1418 2936 ’

141 3022 293 3103 κλισμοίν
308 3024 364 3086 καὶ
381 3021 516 3105 θρόνων
532 3027 730 3110 κατέθεντο,
754 3017 829 3086 εἷτα
846 3024 882 3087 δὲ
898 3020 1110 3100 άπελθόντες
1125 3027 1182 3087 καί
1197 3022 1364 3103 ἐμβάντες

140 3128 192 3203 είς
221 3129 282 3204 τὰς
313 3125 531 3210 α’σαμίνθους
566 3130 750 3194 ἐλούσαντο
761 3135 799 3215 ⁸).
856 3125 968 3194 Ταύτὰ
1007 3132 1043 3195 δὲ
1077 3130 1209 3205 τούτοις
1239 3133 1295 3192 καὶ
1328 3130 1364 3193 έν

141 3243 192 3317 τῷ
215 3234 397 3300 Μενελάου
415 3232 591 3322 άνακτόρῳ
607 3241 685 3321 περί
702 3236 899 3322 Τηλεμάχου
922 3229 1027 3313 αὖθις
1041 3240 1098 3301 καί
1113 3235 1363 3321 Πεισιστράτου

141 3340 322 3426 λέγεταιθ).
369 3347 492 3406 Καίτοι
522 3366 556 3424 γε
581 3339 600 3428 ἦ
623 3351 852 3424 γυναικωνῖτις
883 3344 952 3426 δδίιγ
984 3338 1074 3418 ολκος
1101 3343 1240 3424 λέγεται,
1273 3341 1363 3424 ὅμως

143 3443 205 3527 ούχ
220 3433 365 3531 ἡγοῦμαι
389 3453 445 3513 καί
462 3449 498 3512 έν
523 3441 573 3524 οἷς
590 3446 736 3534 Ὄμηρος
756 3446 914 3514 Ὀδυσσέα
939 3458 1102 3533 πεποίηκε
1126 3445 1194 3514 ύπδ
1217 3457 1275 3536 τῆς
1298 3447 1362 3515 Εύ·

142 3553 287 3642 ρννόμης
310 3555 475 3632 λούμενον
500 3544 549 3638 ,ᾧ
572 3557 634 3621 ἑνὶ
659 3553 846 3640 οἵκρύἿθ),
869 3557 926 3621 έπλ
948 3559 1006 3640 τῆς
1021 3559 1291 3638 γυναικωνίτιδος
1313 3581 1362 3620 τε·

140 3662 273 3743 τάχθαι
303 3657 474 3744 τούνομα,
514 3658 584 3728 ἀλλ’
615 3667 753 3748 είρῆθαι
783 3667 842 3726 ἐπὶ
871 3667 932 3728 τού
964 3662 1057 3727 οίκου
1088 3663 1250 3728 καθόλου.
1296 3663 1362 3728 Διά

144 3768 271 3852 ταύτην
302 3756 363 3830 οὖν
393 3768 452 3852 τὴν
481 3774 600 3854 χρῆσιν
630 3765 649 3854 ἡ
679 3777 907 3850 γυναικωνῖτις
947 3765 1122 3849 άνοίννμος
1157 3767 1290 3849 μᾶλλον
1321 3765 1364 3833 ἂν

142 3875 204 3960 εἴη.
247 3871 297 3939 Ἐν
321 3875 357 3937 δέ
380 3881 422 3964 τῇ
445 3869 655 3960 άνδρωνίτιδι
681 3871 721 3940 ον’
743 3876 850 3954 μόνον
873 3877 936 3954 τὰς
957 3887 1072 3962 χεῖρας
1096 3874 1180 3940 άλλίι
1204 3879 1261 3938 καί
1284 3875 1363 3952 τούς

228 4056 260 4122 .1)
279 4047 329 4108 ’σε
351 4056 383 4108 Α.
405 4055 465 4105 τοο.
527 4057 554 4121 ι)
574 4049 624 4108 οι.
647 4059 678 4107 Y.
702 4058 831 4108 τοι-ιο.
899 4051 995 4128 asoa.
1019 4060 1055 4108 x.
1076 4057 1137 4109 ενι.
1199 4051 1229 4124 ι)
1247 4048 1303 4107 ὀύ.
1323 4059 1361 4106 x.

142 4147 258 4197 4204.
333 4140 362 4213 ό)
382 4143 533 4212 Ἀριστοιιλ.
556 4143 646 4196 Πολιτ.
668 4149 692 4204 1,
712 4147 736 4208 7,
759 4147 783 4196 ’1.
859 4145 885 4212 6)
904 4140 956 4198 Ὀδ.
980 4148 1011 4196 Y.
1033 4145 1112 4196 6-8.
1148 4145 1214 4195 Fini
1234 4145 1361 4212 [Kayser]

143 4227 252 4288 ιιιόει.
321 4234 349 4298 ι)
375 4230 430 4286 ὀε
458 4232 489 4284 θ.
518 4235 650 4285 ιιι-ιτ.
720 4234 747 4301 ε)
770 4227 821 4288 ου.
842 4238 870 4286 ε.
892 4236 1006 4286 ει-οο,
1075 4233 1104 4296 υ)
1123 4224 1173 4284 ὀε
1194 4234 1225 4284 Α.
1246 4236 1361 4286 ιε-ιι.

145 4322 189 4389 10)
204 4315 256 4373 ὀε
278 4324 313 4372 ψ.
334 4323 394 4376 ιιε.
