3114 4810
722 259 762 322 19

129 433 219 500 ὅπου
244 433 263 500 ό
287 437 415 500 Μέδων
437 434 577 512 ίστατο;
601 427 698 526 ’Ἄλλδ
732 435 789 496 καί
819 435 920 519 χωρίς
949 431 1217 514 τούτουθιόμεν
1247 429 1354 500 αύτδν

129 543 217 628 πρὸς
240 545 289 625 τῴ
314 542 414 627 ἑτέρῳ
438 543 506 606 τόν
527 540 678 620 πλαγίων
698 544 821 620 τοίχων
844 537 1042 618 ἱστάμενον·
1076 531 1179 624 ἆρύγε
1202 536 1351 624 ἠδύνατο

130 650 187 713 διὰ
212 653 333 729 τοίχων
357 645 462 722 ούτως
484 645 625 735 ύψηλοῖν
650 648 706 708 καί
736 650 871 726 παχέων
901 649 970 709 τοῖν
992 651 1084 735 σιγῇ,
1115 643 1160 722 οῖς
1190 647 1229 711 τὸ
1253 649 1352 728 εἰκός,

130 753 226 830 έντδς
257 755 498 836 διαλεγομένων
527 754 678 826 έξωθεν.
697 747 851 831 α’κούεινς
886 747 1063 836 Ἀμήχανον
1093 753 1198 818 τοῦτό
1224 777 1259 835 γε
1297 758 1354 820 καί

132 861 374 942 παντάπασιν,
412 851 497 952 ᾗπερ
538 859 582 923 τὰ
621 852 703 924 ὅντα
735 863 903 941 πέφυκεν,
941 859 1199 924 ἐναντιώτατον.
1235 856 1355 943 Ἔγωγε

132 958 192 1032 ούν
221 965 361 1053 ἡγοῦμαι
390 967 468 1042 τούς
497 971 558 1045 μέν
587 967 778 1051 μνηστῆρας
808 961 884 1030 ύπδ
907 968 947 1056 τῇ
978 966 1125 1056 αέθούση
1162 969 1220 1051 τῆς
1251 965 1354 1052 αύλῆς

130 1074 374 1156 βουλεύεσθαι,
405 1073 467 1136 τόν
498 1073 533 1136 δέ
555 1073 717 1136 Μέδοντα
747 1071 843 1145 ἐκτός
873 1078 931 1157 τῆς
961 1067 1066 1158 αύλῆς
1093 1073 1180 1137 κατὰ
1205 1073 1244 1137 τδ
1268 1074 1352 1160 πρό·
1407 1092 1409 1096 “

134 1186 247 1264 θυρον
263 1183 497 1264 διατρίβοντα,
515 1174 603 1244 ὅπου
620 1183 678 1243 καί
694 1177 732 1243 αἱ
753 1179 861 1263 έδραι,
885 1179 1000 1244 πάντα
1018 1177 1061 1243 τὰ
1076 1181 1173 1243 ένδον
1187 1179 1353 1264 λεγόμενα

133 1287 255 1372 ῥᾳδίως
279 1287 335 1352 διὰ
361 1290 418 1370 τῆς
442 1281 574 1350 αὐλείου
597 1286 708 1371 θύρας
732 1283 878 1350 ἀκούσαι
889 1291 924 1366 ¹).
973 1281 1069 1350 θύτω
1094 1286 1132 1370 δὴ
1157 1281 1272 1371 ὀρθός
1294 1290 1354 1372 τῆς

132 1400 194 1458 τοῦ
210 1396 390 1468 Μέδοντος
414 1390 566 1466 στάσεως
588 1397 755 1474 τεθείσης,
779 1389 798 1475 ἡ
821 1392 962 1477 τοιαύτη
986 1397 1063 1477 περί
1085 1398 1153 1456 τῶν
1174 1393 1353 1457 αλθουσοῖν

52 1521 55 1532 ·
130 1507 199 1564 τοῖν
223 1502 373 1581 πλαγίων
396 1495 519 1580 τοίχων
549 1496 660 1581 γνιύμη
692 1494 894 1582 ἀναιρεῖται.
930 1495 1013 1562 Ὅτι
1044 1498 1162 1580 δὲέγαὶ
1186 1503 1354 1584 περὶτῶν

133 1609 313 1670 αἰθουσοῑν
344 1605 473 1670 τούτων
503 1603 654 1685 τυχχοῖνω
684 1604 889 1686 γιγνώσκων,
921 1605 956 1669 ἐν
988 1611 1036 1688 τῷ
1067 1606 1153 1669 τέλει
1184 1610 1244 1670 τοῦ
1274 1609 1353 1692 περί

131 1711 298 1790 θαλοίμον
320 1711 419 1793 λόγον
443 1709 553 1774 εἰπεῖν
574 1709 753 1790 βούλομαι.

666 1849 820 1922 Πρόδομος.
1077 1916 1083 1928 ,

219 1959 397 2045 Πρόδομος
429 1959 462 2022 δέ
493 1959 602 2039 ἐστιν,
635 1955 748 2045 ὥσπερ
774 1962 829 2023 καὶ
853 1955 1003 2041 τούνομα
1027 1957 1138 2042 δηλοῖ,
1164 1955 1182 2024 ό
1205 1959 1270 2044 πρὸ
1295 1963 1355 2026 τοῦ

127 2064 234 2146 δόμον
257 2067 371 2142 τόπος.
418 2064 602 2138 Εῖσιόντας
634 2055 693 2128 ούν
724 2061 743 2148 ἢ
775 2064 927 2140 ἐξιόντας
958 2065 993 2126 έκ
1023 2067 1083 2128 τού
1108 2065 1201 2130 οἰλου
1225 2067 1273 2142 είς
1295 2068 1355 2152 τὴν

129 2168 233 2258 αύλὴν
256 2174 317 2236 τδν
338 2175 447 2256 χῶρον
475 2175 597 2232 τούτου
628 2169 778 2232 διελθεῖν
809 2169 887 2232 ἐ’δει.
934 2170 1043 2253 Δῆλον
1075 2173 1110 2234 δὲ
1132 2176 1232 2236 τοῦτο
1257 2177 1293 2237 δἐι
1316 2199 1353 2238 τε

131 2273 242 2341 ἄλλων
265 2277 401 2340 πολλῶν
425 2279 481 2338 καί
513 2276 549 2349 ἐξ
571 2265 617 2338 ὦν
638 2269 784 2362 Ὅμηρος
814 2279 892 2362 περὶ
919 2271 1101 2351 Ὀδυσσέως
1125 2278 1242 2363 εἰρηκε.
1289 2285 1354 2343 Πε·

130 2387 247 2466 ποῖηκε
268 2383 330 2469 γὰρ
355 2378 459 2446 αύτδν
482 2385 617 2467 πρῶτον
639 2387 702 2458 μέν
724 2382 760 2444 έν
775 2387 823 2464 τῴ
847 2381 1012 2466 προδόμῳ
1031 2383 1255 2458 καθεύδοντα,
1280 2379 1354 2448 εἶτα

130 2488 166 2550 δὲ
190 2489 264 2576 πρηδ
290 2485 487 2554 α’ναστύντα
519 2492 576 2552 καί
607 2487 666 2572 τήν
688 2491 751 2568 μέν
779 2487 923 2568 χλαῖναν
953 2492 1008 2553 καί
1039 2489 1082 2552 τὰ
1111 2490 1200 2554 κόεα
1225 2489 1273 2564 εἷς
1296 2491 1355 2576 τὴν

128 2589 337 2681 α’νδρωνῖτιν,
368 2595 427 2680 τὴν
452 2597 487 2659 δὲ
509 2599 593 2679 βοῆν
623 2599 670 2668 εἰς
701 2595 759 2679 τὴν
790 2589 894 2680 αύλην
926 2601 1169 2677 καταθένταῖ).
1212 2591 1270 2660 Ἐκ
1293 2599 1354 2662 τοῦ
1411 2679 1415 2688 ι

126 2703 304 2787 προδόμον
327 2707 441 2767 τοίνυν
465 2703 521 2765 ἐπὶ
545 2701 602 2765 δύο
627 2696 839 2785 ἀντίστροφα
861 2711 983 2785 σημεῖα
1009 2698 1223 2776 δὈδνσσεύς
1243 2711 1354 2789 χωρεῖ,

128 2811 263 2890 πρῶτον
285 2813 347 2888 μὲν
370 2811 428 2872 ἐπὶ
450 2809 508 2891 την
532 2803 740 2891 οἷνδρωνῖτιν,
766 2803 841 2870 εἶτα
871 2810 907 2872 δὲ
931 2814 978 2882 εἰς
1001 2807 1193 2889 τούμπαλιν
1215 2811 1272 2873 ἐπὶ
1295 2809 1355 2896 τὴν

131 2909 242 2996 αύλήν.
285 2911 319 2977 Ὁ
343 2913 517 2998 πρόδομος
541 2907 607 2997 ἄρα
631 2913 669 2976 τδ
693 2917 799 2992 μέσον
816 2916 911 2978 δυοῖν
926 2919 1077 2999 σημεῖοιν
1094 2920 1196 2997 ἐστίν,
1221 2913 1354 2981 ὁπόθεν

129 3017 196 3081 εἴτε
221 3018 301 3082 τίσω
326 3019 395 3083 εἴτε
418 3021 481 3094 ἐξω
510 3023 676 3104 χωροῦντι
709 3015 834 3105 α’νοίγκη
865 3021 1026 3088 διελθεῖν.
1073 3028 1138 3088 Καὶ
1161 3026 1267 3086 ταῦτα
1291 3029 1354 3106 μέν

129 3127 293 3211 περὶτοῦ
316 3127 435 3207 τόπου,
459 3128 494 3190 έν
518 3116 546 3210 ᾦ
570 3121 589 3190 δ
613 3125 806 3212 πρόδομος·
830 3128 867 3202 ἐξ
890 3117 935 3190 ὦν
960 3131 994 3192 δὲ
1010 3130 1046 3192 έν
1063 3138 1136 3204 τοῖς
1152 3131 1353 3214 έμπροοθεν

54 3213 59 3223 ⁸
130 3238 284 3317 περὶτῆς
307 3237 370 3298 τού
394 3233 500 3316 δόμου
524 3231 692 3316 αἰθούσης
716 3232 841 3318 εἴρηκα,
872 3234 974 3320 δῆλον
997 3238 1155 3317 γίγνεται,
1180 3231 1233 3298 ὅτι
1257 3231 1354 3301 ούδέν

133 3331 213 3400 ἄλλο
237 3344 327 3404 ἐστὶν
352 3336 370 3404 ὁ
395 3339 568 3425 πρόδομος
597 3335 619 3424 ἢ
647 3341 685 3405 τὸ
718 3335 827 3426 ὥςπερ
861 3341 943 3426 ζώνη
975 3337 1027 3423 ἐφ’
1059 3340 1156 3404 ἅπαν
1186 3341 1224 3406 τὸ
1247 3351 1353 3428 μῆκος

131 3445 362 3524 ἐκτεινόμενον
385 3443 490 3520 εύθύς
513 3447 581 3533 πρὸ
606 3452 669 3512 τού
686 3447 779 3512 οἰλου
794 3449 850 3510 καί
866 3443 934 3511 ύπδ
951 3447 1011 3532 τήν
1027 3449 1197 3513 οῖ’θονσαν
1213 3449 1353 3533 έδαφος,

129 3547 182 3631 ἐφ’
207 3539 246 3614 οὗ
270 3551 326 3614 διὰ
350 3553 387 3616 τό
412 3549 601 3636 ύπόστεγον
626 3555 659 3618 οἱ
682 3555 773 3628 ξένοι
796 3555 982 3636 ἐκοιμῶντο
994 3560 1031 3641 ³).
1074 3551 1173 3620 Ὥστε
1197 3556 1351 3622 αι”θονσα

128 3664 189 3738 μέν
212 3663 307 3720 ἐστιν
329 3655 348 3741 ἦ
371 3664 464 3744 στέγη
487 3661 576 3742 μετὰ
600 3665 667 3726 τῶν
689 3657 999 3742 ύποβαστσζόντων
1023 3659 1126 3748 αύτην
1149 3663 1271 3728 κιόνων
1294 3666 1353 3726 καί

129 3765 193 3827 τού
215 3767 330 3845 τοίχου
353 3767 414 3826 τού
438 3765 542 3848 οἴκου,
566 3766 738 3852 πρόδομος
762 3771 799 3831 δὲ
823 3767 861 3831 τὸ
885 3763 941 3832 ὑπ’
965 3766 1069 3855 αὐτὴν
1092 3771 1231 3850 έδαφος.

676 3923 800 3983 Ἑνεύπια.

217 4036 297 4104 Τοῖς
326 4036 388 4112 μέν
419 4033 580 4106 παλαιοῖς
611 4037 668 4097 καὶ
698 4043 771 4109 τοῖς
809 4039 985 4119 νεωτέροις
1014 4031 1138 4115 πολλῆς
1176 4036 1253 4120 περί
1284 4039 1352 4100 τῶν

129 4157 339 4169 ——-—--—-

220 4212 247 4274 1)
265 4204 316 4266 ὀδ
328 4213 360 4268 Δ,
376 4213 517 4264 599-672
531 4203 577 4264 καί
590 4215 703 4266 sss-8.
734 4209 785 4280 δρα
800 4218 846 4266 καὶ
857 4213 982 4274 Gerlach,
995 4211 1044 4262 <las
1057 4213 1135 4264 Hans
1148 4213 1195 4264 des
1209 4214 1350 4279 odysseus

128 4295 160 4349 ἐν
178 4293 215 4365 τῷ
233 4301 276 4352 30.
308 4295 383 4370 τύμηι
401 4300 449 4354 τοῦ
466 4302 625 4368 Philologus
643 4302 697 4354 οελ.
717 4306 833 4355 δοῖ-5.
908 4301 935 4365 ῖ)
952 4295 1003 4351 Ὀδ.
1023 4303 1061 4354 Χ.
1082 4303 1179 4358 96-7,
1254 4307 1283 4367 3)
1301 4303 1345 4353 Ἰλ.

128 4388 165 4438 Ω,
187 4389 247 4449 644,
267 4390 326 4438 673.
343 4395 407 4461 πρβ.
429 4391 550 4456 Nitzseh,
569 4392 649 4444 Anm.
671 4394 694 4456 1,
714 4391 769 4444 σελ.
784 4392 845 4442 216.
883 4390 999 4452 Krause,
1020 4391 1202 4442 Deinokrstes
1214 4387 1269 4441 σιλ.
1284 4393 1347 4441 491.

1096 4494 1134 4543 ᾖ*
