3114 4810
804 225 847 288 34

214 397 250 460 δὲ
273 395 326 480 τήν
350 395 512 482 Πριάμου
537 392 753 484 άνδρωνῒτιν,
780 399 875 482 είπερ
908 399 942 466 οί
965 401 1046 477 υἱεῖς
1069 427 1105 466 τε
1127 425 1212 483 μετα
1237 406 1304 469 τιῦν
1327 427 1442 487 γυναι-

215 507 281 566 κοῦν
305 507 360 567 καί
385 503 420 566 αἰ
444 507 628 586 θυγατέρες
649 503 736 585 μετά
760 513 827 568 των
852 503 983 593 άνδριῦν
1010 514 1046 571 ἐν
1074 505 1189 594 ταῦτηί
1212 521 1283 587 τοῖς
1305 519 1442 593 γονεῦσι

216 610 469 690 συνειστιῶντο,
500 609 588 685 εἰκὸς
619 605 716 693 όλίγη
747 610 886 689 πλείους
915 617 982 680 τῶν
1006 615 1112 680 εἰκοσι
1136 619 1191 679 καί
1214 617 1336 682 ἑκατὸν
1359 619 1442 695 τοὺς

215 715 350 791 πάντας
374 719 618 801 συνέρχεσθαι·
644 725 801 782 τοσοῦτοι
824 719 886 805 γάρ
910 720 949 784 τὸ
974 721 1108 806 πλήθος
1133 717 1283 798 ἅπαντες
1306 717 1440 810 ήσανί).

217 817 266 887 Οῦ
289 822 353 907 μήν
376 820 537 898 ἐλάττους
559 845 593 903 γε
618 824 746 888 τούτων
771 829 826 889 καί
846 826 879 890 οἰ
901 827 936 890 ίν
959 833 998 918 τῇ
1018 823 1197 904 Ὀδυσσέως
1221 826 1441 914 ἀνδρωνίτιδι

214 925 447 1010 εῦωχούμενοι.
487 929 580 1014 Πλήν
596 929 657 1013 γάρ
682 937 745 994 τοῦ
772 931 976 1016 ΤηλεμάχουΙ
992 938 1050 998 καί
1074 959 1174 998 τινων
1195 939 1332 1002 οίκετιῦν
1350 934 1439 1002 δκτεδ

214 1038 269 1098 καί
293 1034 414 1100 ίκατῦν
438 1042 622 1120 μνηστῆρες
638 1035 672 1100 τὸ
691 1036 826 1123 πλῆθος
844 1034 930 1102 καθ’
954 1039 1096 1126 ἑκάστην
1118 1038 1245 1128 ἡμέραν
1269 1044 1440 1134 συνήεσαν

215 1137 300 1206 ῦκτιδ
332 1142 552 1227 θεράποντας
582 1139 669 1222 μεθ’
691 1151 821 1210 δαυτῦν
844 1148 976 1226 ἔχοντες
1007 1151 1061 1211 καί
1091 1149 1153 1212 σῦν
1176 1145 1294 1225 αύτοῑς
1317 1149 1377 1214 τόν
1400 1175 1439 1214 τε
1544 1179 1545 1184 ’

215 1253 342 1334 κήρυκα
372 1251 534 1314 Μέδοντα
566 1251 622 1314 καί
652 1249 712 1314 τὸν
748 1247 870 1316 αόιδδυ
904 1251 1079 1336 Φήμιονί).
1126 1261 1192 1320 Καὶ
1229 1263 1338 1320 ταῦτα
1377 1263 1441 1337 μὲν

214 1358 291 1440 περί
315 1361 376 1420 τοῦ
400 1355 554 1439 πλήθους
578 1362 645 1419 τείν
668 1356 704 1420 ἰν
727 1362 766 1448 νή
791 1353 1004 1441 ἀνδρωνίτιδι
1033 1362 1295 1445 διατριβόντων·
1321 1367 1379 1428 νῦν
1404 1367 1440 1430 δὲ

214 1467 342 1546 βραχέα
366 1463 415 1526 ε’τι
439 1467 517 1544 περί
540 1471 604 1526 τοῦ
625 1462 758 1548 τρόπου
782 1465 844 1528 τοῦ
866 1465 1076 1539 καθίζεσθαι
1106 1473 1142 1530 ἐν
1171 1476 1241 1543 ταῖς
1265 1470 1440 1536 ἑστιάσεσι

214 1569 368 1632 καθόλου
401 1569 577 1652 προειπών
607 1567 668 1653 τήν
707 1575 773 1633 τιῦν
804 1572 909 1656 ίδριδν
940 1577 1008 1635 τοῖν
1044 1574 1241 1658 μνηστήρων
1280 1576 1438 1642 διάθεσιν

213 1681 249 1739 ἐν
279 1681 318 1766 τή
338 1675 520 1750 Ὀδυσσέως
551 1671 763 1759 άνδρωνίτιδι
797 1675 908 1764 εύρεῖν
939 1677 1161 1764 πειράσομαι.
1211 1683 1345 1766 Ταύτην
1376 1685 1439 1770 γὰρ

213 1788 346 1864 γνόντες
367 1784 448 1857 ίσως
472 1775 515 1846 ῦίν
537 1787 661 1868 μέτρου
677 1783 768 1858 τινδς
791 1793 904 1865 τυχεῖν
930 1786 1169 1870 δυνηθείημεν,
1196 1777 1229 1871 ηί
1255 1789 1374 1874 ῥηίδίως
1397 1791 1436 1854 τὸ

212 1893 355 1970 μέγεθος
387 1885 489 1974 αῦτής
520 1889 731 1972 δννοήσομεν.
777 1889 990 1970 Βουλόμενοι
1022 1893 1057 1955 δὲ
1089 1897 1145 1956 καί
1175 1894 1207 1958 οἱ
1228 1896 1372 1960 παλαιοί
1396 1898 1435 1960 τὸ

213 1999 281 2060 τείν
320 1995 507 2079 οἰκημάτων
544 1999 688 2076 μέγεθος
720 1995 857 2080 δηλοῦν,
888 2005 1116 2082 παραπλησίῳ
1147 2004 1256 2084 μίτρην
1284 2005 1437 2087 χρῆσθαι

213 2102 392 2167 εἰώθεσαν.
442 2108 510 2186 Τήν
539 2110 618 2184 γοῦν
648 2101 786 2186 χώραν,
818 2097 902 2187 ὅσην
932 2129 997 2189 περ
1029 2106 1169 2180 ἕκαστος
1195 2111 1437 2182 κατακείμενος
1544 2133 1545 2150 1

213 2217 353 2291 κατεῖχε,
378 2206 489 2292 κλίνην
513 2207 654 2274 ἐκάλουν
665 2216 691 2291 ³)
714 2212 768 2272 καί
801 2217 849 2292 τῷ
880 2207 1020 2298 α’ριθμρί
1044 2215 1110 2276 τῶν
1134 2211 1290 2276 τοιούτων
1312 2211 1434 2275 κλινιδν

214 2322 322 2402 μέτρῳ
346 2319 408 2380 τοῦ
431 2319 597 2398 μεγέθους
618 2320 686 2380 νῦν
704 2316 894 2402 οἰκημάτων
917 2319 1070 2402 ἰχριῦντο,
1094 2325 1171 2382 ἐπεί
1192 2342 1246 2382 τοι
1262 2321 1435 2390 ἐσθίοντες
1544 2373 1545 2396 η

217 2419 273 2488 οῦκ
313 2423 515 2506 ἐκάθηντο,Ι
541 2421 657 2504 ὥσπερ
699 2425 730 2488 οἰ
758 2421 902 2510 Ὁμήρου
934 2422 1053 2508 ήρωες,
1085 2420 1167 2488 ἀλλὰ
1196 2424 1437 2488 κατεκλίνοντο.

218 2535 405 2615 Τοιγαροῦν
430 2523 486 2592 ὅτε
510 2530 679 2612 Ξενοφῶν
701 2531 736 2593 ἐν
760 2534 807 2614 τιή
840 2535 1078 2612 οἰκονομικήί)
1103 2527 1295 2592 δεκάκλινον
1310 2535 1439 2612 Ιστέγην

216 2635 321 2722 εἴρηκε
346 2639 402 2699 καί
427 2631 672 2722 ῦΙΙολυδεύκης
696 2637 731 2700 ἐν
755 2639 803 2720 τρί
827 2633 1045 2719 ὀνομαστική
1067 2635 1147 2698 τάδε
1165 2641 1265 2719 φησίν
1275 2641 1299 2716 ⁵)
1324 2631 1440 2718 »οἶκος
1544 2685 1545 2716 η

129 2830 131 2834 ¹
216 2744 394 2831 τρίκλινος,
433 2742 651 2816 πεντάκλινος
682 2737 701 2828 ἢ
734 2742 925 2815 δεκάκλινος
957 2744 1013 2804 καί
1045 2737 1160 2816 ἅπλῶς
1191 2741 1276 2828 πρὸς
1307 2742 1345 2806 τὸ
1377 2748 1441 2807 τοῦ
1544 2807 1545 2824 η

215 2853 377 2934 μεγέθους
399 2858 521 2933 με’τρον
546 2845 563 2912 ὁ
589 2855 656 2912 τείν
679 2850 800 2914 κλινῶν
829 2844 1049 2933 α’ριθμόςίίί).
1096 2849 1295 2936 Καθήμενοι
1323 2855 1440 2913 τοίνυν

218 2959 248 3021 οἰ
271 2965 454 3041 μνηστῆρες
477 2951 681 3036 εὐωχοῦνται
704 2961 760 3020 ἐπὶ
784 2955 920 3042 θρόνων
942 2957 1132 3042 ἑξείης7)·
1162 2957 1255 3042 δηλοῖ
1279 2959 1313 3020 δὲ
1337 2961 1439 3020 τοῦτο

216 3063 255 3127 τὸ
281 3059 384 3126 άλλον
408 3057 467 3124 ἐπ’
490 3057 575 3146 άλλη
600 3065 683 3126 κατὰ
709 3070 845 3145 στοίχου
869 3068 1063 3146 καθήσθαι,
1088 3059 1107 3126 δ’
1130 3067 1310 3142 πανταχοῦ
1333 3061 1368 3124 ἰν
1390 3067 1440 3146 τογ’

217 3171 357 3252 τοιούτῳ
383 3169 463 3244 ἔθος
495 3159 535 3254 ἦν
566 3173 742 3251 γίγνεσθαι
753 3175 789 3248 ⁸).
837 3164 1023 3253 Προῦκειτο
1057 3170 1092 3232 δὲ
1123 3169 1342 3251 ἑκάστηντῶν
1367 3170 1440 3232 δαι-

217 3277 369 3357 τυμόνων
398 3275 503 3362 μικρά
541 3275 739 3361 τράπεζαί).
786 3274 958 3351 Πολλάκις
989 3280 1103 3355 μέντοι
1135 3273 1205 3338 άπδ
1245 3277 1301 3360 τής
1339 3271 1441 3360 αῦτῆς

218 3385 380 3470 τραπέζης
404 3387 460 3446 καί
486 3382 545 3446 δύο
562 3383 851 3468 παρακαθήμενοι
872 3387 1090 3448 συνεσθίονσι
1107 3380 1269 3467 καθάπερ
1287 3380 1326 3467 δή
1342 3381 1440 3468 παρὰ

217 3491 386 3573 Μενελάῳ
420 3491 614 3576 Τηλέμαχος
645 3493 701 3554 καί
733 3493 981 3571 Πεισίστρατος
1011 3493 1219 3570 ποιοῦσιὶθγ·
1256 3491 1308 3552 καί
1339 3484 1442 3563 αῦτὸς

217 3597 322 3664 πάλιν
346 3594 365 3661 ό
391 3600 583 3683 Τηλέμαχος
614 3599 670 3659 καί
700 3591 719 3658 δ
743 3601 877 3682 Μέντης
907 3597 942 3658 ἐν
971 3599 1017 3676 τῷ
1037 3590 1217 3690 ’ῼδυσσέως
1241 3595 1440 3680 μεγάρῳίί).

217 3709 372 3788 Γίγνεται
388 3705 421 3768 δὲ
445 3707 557 3785 τοῦτο,
583 3699 667 3766 ὅταν
684 3700 744 3766 δύο
768 3701 867 3781 μόνοι
881 3707 980 3788 χωρίς
997 3703 1064 3765 τῶν
1079 3697 1185 3767 ἄλλων
1203 3705 1441 3768 συνεσθίωσιν·

219 3807 323 3876 ὁπότε
348 3807 380 3875 δ’
404 3805 477 3890 δίμα
508 3809 632 3883 πάντες
655 3803 823 3893 άριστηίεν
846 3803 864 3893 ή
889 3810 1067 3890 δειπνοῖεν,
1100 3808 1223 3874 σύνδυο
1247 3813 1308 3889 μὲν
1337 3797 1442 3884 αῦθις

228 4062 230 4065 ,
308 4009 334 4074 1)
352 4001 394 4060 ἐκ
417 4011 446 4057 z.
470 4008 600 4058 243-60.
622 4010 686 4074 πρε.
708 4023 734 4058 κ.
755 4007 924 4059 πων-τ.
984 4007 1012 4073 2)
1031 4004 1280 4059 υιπειε-εε.
1342 4003 1369 4070 ε)
1390 4008 1441 4056 Πι-

218 4097 277 4151 λυδ.
296 4099 379 4162 δνογι.
400 4098 425 4157 6,
448 4099 473 4147 9.
534 4093 607 4160 4)8,
629 4098 671 4146 13.
735 4096 761 4162 5)
781 4099 806 4155 1,
829 4097 870 4146 79.
933 4093 960 4161 6)
979 4100 1042 4162 πρβ.
1068 4089 1168 4160 ὁμοίως
1187 4091 1285 4146 Πολυδ.
1308 4094 1438 4160 ἰνδνομ.

219 4191 245 4252 6,
264 4190 290 4239 7.
309 4181 360 4255 ὅρα
380 4184 426 4234 καί
444 4184 508 4236 Ant.
528 4183 679 4247 Winckler,
699 4184 744 4235 die
763 4185 871 4235 Ηὲιιεεε
890 4183 937 4235 der
954 4184 1091 4236 Hellenon
1110 4199 1135 4234 σ.
1158 4185 1217 4234 132.
1288 4182 1313 4249 ἵ)
1333 4181 1384 4234 Ὀδ.
1406 4184 1439 4233 Α.

220 4278 280 4326 ιω.
337 4269 432 4337 εγυε.
453 4259 481 4321 r}
504 4274 564 4326 εεε.
586 4275 605 4324 1.
626 4274 652 4326 8.
708 4272 734 4339 9)
754 4267 804 4326 οε.
825 4275 990 4326 τετε-ε.
1047 4272 1091 4338 10)
1108 4269 1160 4324 υι.
1176 4274 1207 4323 ι.
1222 4273 1266 4324 ει.
1324 4269 1369 4337 11)
1386 4267 1440 4322 ωε.

219 4365 249 4413 Α.
273 4361 323 4412 130
344 4376 369 4413 τ.
390 4355 458 4424 έξής.
496 4361 586 4425 Ἀθην.
606 4364 626 4412 1.
650 4364 680 4413 11
701 4362 722 4416 f.
743 4363 855 4416 Nitzseh
873 4363 953 4416 Anm.
976 4367 1001 4422 1,
1020 4359 1076 4413 σελ.
1098 4364 1142 4412 2⁷.
