3114 4810
735 257 777 320 51

149 424 224 496 δεῖν
247 428 267 516 ἢ
291 427 473 511 α’ναβύντα
497 429 557 515 τὴν
581 423 780 514 όρσοθόραυ
810 435 867 494 καί
897 432 944 506 είς
974 431 1034 516 τὴν
1058 430 1162 518 αύλὴν
1185 435 1370 510 ἐξελθόντα

146 539 257 622 ίκέτην
281 540 337 602 ἐπί
360 535 420 602 τὸν
443 536 560 617 βωμόν
583 535 840 616 καθίζεσθαιῑ).
882 533 922 601 Ἡ
948 537 983 600 δέ
1013 543 1109 624 ἑτέρα
1147 545 1205 626 τῆς
1242 541 1371 628 λαύρας

149 648 280 724 ἔξοδος,
303 641 322 728 ἦ
339 645 386 718 είς
402 643 463 708 τδν
480 640 631 707 όπισθεν
645 648 702 728 της
727 647 834 719 οἰκίας
849 648 959 730 χοῖρον
974 649 1170 728 είσοίγουσα,
1195 642 1372 733 ἄφρακτος

147 757 206 818 καί
230 748 445 835 α’φύλακτος,
478 746 522 824 ω“ς
544 749 584 813 τὸ
616 749 705 824 είκδς
728 739 784 833 ἦν,
814 753 872 812 καὶ
903 749 959 814 διὰ
991 739 1092 816 τόύτο
1126 749 1371 830 όΜελοένθιος

145 860 209 946 τὴν
248 854 447 942 όρσοθύραν
478 851 613 936 οἷναβοὶς
644 859 701 920 καὶ
732 849 883 930 ἐξελθὼν
913 867 1015 944 χωρεῖ
1052 863 1190 944 πρῶτον
1220 860 1276 924 διὰ
1308 867 1370 928 τοῦ

146 971 292 1044 στομίου
316 967 374 1049 τῆς
397 961 528 1046 λαύρας
559 966 606 1035 είς
637 961 699 1024 τόν
730 955 880 1026 όπιοθεν
910 970 968 1048 τῆς
1000 966 1110 1040 οίκίας
1137 970 1264 1049 χοίρου,
1295 962 1370 1031 εἶτα

145 1075 181 1137 δὲ
206 1071 262 1134 διοὶ
286 1075 344 1154 τῆς
368 1069 484 1133 διόδου
516 1066 595 1132 οἷνοὶ
629 1067 767 1154 ῥῶγας
788 1068 1002 1156 μεγάροιο
1032 1071 1217 1159 πορεύεται
1240 1075 1287 1148 είς
1310 1074 1370 1138 τὸν

145 1187 215 1244 τῶν
239 1176 356 1242 ὅπλων
380 1175 592 1260 θάλαμονῖ).

633 1328 764 1403 Ὲκατέρα
784 1332 879 1404 λαύρα.

235 1461 401 1548 Προοηκει
425 1461 461 1523 δέ
486 1453 527 1522 ού
550 1457 657 1538 μόνον
688 1459 775 1522 κατὰ
807 1459 866 1542 τὴν
888 1465 985 1538 μίαν,
1011 1457 1096 1524 α’λλὰ
1122 1463 1176 1524 καί
1200 1461 1286 1526 κατὰ
1311 1461 1371 1547 τὴν

145 1577 263 1654 ε’τέραν
286 1570 343 1651 της
368 1567 475 1640 οίκίας
499 1563 653 1647 πλευρὰν
675 1565 834 1648 τοιαύτην
850 1565 981 1652 λαύραν
1004 1563 1179 1652 ύποὶρχειν.
1225 1571 1290 1632 Καί
1306 1567 1368 1656 γόρ

147 1675 207 1740 τὸν
245 1672 350 1739 αότὸν
387 1678 447 1752 μέν
487 1671 635 1756 τρόπον,
687 1666 765 1734 ἀλλ’
803 1679 838 1736 ἐκ
876 1677 938 1737 τοῦ
977 1669 1209 1754 οἷντικειμένου
1247 1680 1370 1760 μέρους

149 1781 331 1868 πορεύεται
355 1769 400 1844 αὖ
424 1775 444 1841 ό
466 1773 622 1859 Εύμαιος
653 1782 709 1840 καί
732 1773 751 1841 ό
777 1777 948 1870 Φιλοίτιος
971 1781 1004 1842 ἐκ
1029 1785 1087 1864 τῆς
1115 1776 1217 1866 αύλῆς
1239 1781 1287 1856 είς
1309 1780 1370 1845 τὸν

145 1889 311 1968 θάλαμον
335 1892 403 1950 των
427 1880 561 1965 όπλων,
586 1884 622 1948 ἐν
647 1873 675 1966 ᾧ
697 1883 1004 1966 καταλαμβάνουσι
1027 1887 1087 1950 τόν
1109 1886 1301 1952 Μελανθέα
1325 1888 1368 1952 τὰ

147 1993 241 2060 ὅπλα
266 1983 369 2068 αὖθις
392 1993 579 2078 ἐρευνῶντα
591 1997 629 2072 ³).

667 2165 750 2230 Κοινὴ
770 2165 855 2240 θύρα.

242 2287 354 2365 Ούτως
377 2280 435 2354 οὖν
457 2291 500 2353 τοὶ
523 2295 579 2376 τῆς
613 2287 851 2376 α’νδρωνίτιδος
875 2291 910 2354 έν
932 2299 1004 2368 τοῖς
1026 2293 1225 2380 ἔμπροσθεν
1249 2295 1368 2369 διεξελ·

150 2399 228 2462 θὼν
250 2402 309 2461 νόν
331 2386 437 2460 τᾶλλα
467 2398 663 2480 τῆςοίκίας
692 2402 774 2484 μέρη
798 2397 1041 2486 ἐπισκέψομαι,
1073 2396 1116 2474 τός
1138 2399 1267 2463 ἕκαστα
1291 2402 1367 2482 έχει.

148 2507 218 2568 Καί
240 2503 305 2587 μὴν
327 2500 348 2588 ἡ
371 2503 472 2590 θύρα,
502 2499 522 2588 ἢ
554 2505 589 2566 έκ
618 2507 675 2588 τῆς
706 2500 941 2590 όνδρωυίτιδος
971 2505 1019 2579 είς
1050 2505 1109 2590 τὴν
1138 2515 1370 2589 γυναικωνῖτιν

65 2665 66 2670 ,
148 2603 233 2691 ἄγει,
259 2605 314 2672 ότέ
335 2615 398 2689 μέν
421 2605 491 2674 dn&
516 2613 574 2694 τῆς
598 2604 844 2696 όνδρωνίτιδος,
867 2611 974 2674 ἐνίοτε
999 2602 1085 2676 δἀύ
1108 2609 1166 2676 ἀπ’
1191 2609 1291 2699 αὐτῆς
1313 2617 1368 2698 τῆς

146 2717 416 2798 γυναικωνίτιδος
446 2716 611 2780 καλεῖται.
657 2720 726 2780 Καὶ
758 2713 829 2780 τίπὸ
862 2721 924 2798 μέν
954 2723 1010 2802 τῆς
1033 2713 1268 2804 οίνδρωνίτιδος
1290 2721 1368 2784 ἐπο-

144 2821 330 2904 νομόζεται
353 2822 389 2885 έν
421 2815 543 2908 οἷσπερ
575 2819 592 2886 ὁ
624 2821 764 2908 ποιητὴς
790 2819 951 2888 Ὀδυσσέα
982 2803 1090 2910 ε’ίρηκε
1120 2829 1188 2912 πρό
1220 2832 1281 2908 μέν
1309 2833 1370 2890 τοῦ

147 2929 258 3012 φόνου
271 2935 338 2992 τῶν
350 2927 547 3013 μνηστήρων
562 2927 623 2992 σύν
635 2937 706 3003 τοῖς
723 2929 868 3004 οίκέταις
883 2926 1023 3014 Εύμαίῳ
1040 2934 1098 2994 καί
1116 2930 1274 3016 Φιλοιτίιη
1290 2937 1369 3013 βον-

144 3035 355 3118 λευσοὶμενον
392 3034 549 3099 κελεῦσαι
588 3037 714 3099 ἐκεῖνον
751 3039 814 3118 μέν
843 3044 918 3110 ταῖς
947 3039 1097 3117 γυναιξίν
1117 3038 1228 3102 ’ἔνδον
1259 3039 1371 3102 είπείν

146 3141 328 3224 κληίσαι
350 3141 565 3226 μεγάροιο
589 3141 729 3228 θύρας
751 3149 898 3216 πυκινῶς
915 3139 1091 3229 α’ραρνίας,
1115 3149 1234 3207 τοῦτον
1250 3145 1286 3208 δὲ
1308 3143 1369 3220 τὰς

146 3251 204 3332 τῆς
228 3244 376 3332 αόληςίγ
408 3247 494 3330 μετὰ
529 3249 564 3311 δέ
587 3249 645 3312 τὸν
669 3250 777 3331 φόνον
800 3248 857 3313 διόι
880 3255 937 3336 τῆς
961 3245 1061 3333 αὐτῆς
1084 3249 1194 3336 θύρας
1217 3245 1288 3314 α’πό
1311 3255 1369 3336 τῆς

146 3355 415 3436 γυναικωνίτιδος
446 3359 494 3428 εἰς
524 3353 584 3440 την
608 3349 805 3440 α’νδρωνῖτιν
826 3355 884 3440 τὴν
906 3349 1113 3442 Εύρύκλειαν
1142 3361 1369 3444 μεταπέμψα-

146 3463 235 3523 σθαι
245 3467 281 3539 ⁵).
324 3456 374 3523 Ἐκ
406 3461 441 3523 δέ
478 3464 536 3547 τῆς
573 3463 841 3544 γυναικωνίτιδος
880 3460 1034 3525 καλεῖται
1072 3462 1108 3525 έν
1147 3453 1196 3536 οἷς
1223 3455 1370 3550 (Όμηρος

144 3570 310 3648 πεποίηκε
332 3567 485 3653 τετράκις
507 3571 569 3646 μέν
592 3567 794 3653 Πηνελόπην
817 3569 874 3632 ἐπὶ
895 3572 952 3651 τῆς
976 3563 1076 3653 αὐτῆς
1092 3568 1200 3655 θύρας
1216 3569 1370 3633 ἑστῶσαν

146 3675 205 3750 καίΙ
225 3679 295 3744 τοῖς
318 3672 353 3734 έν
375 3677 415 3759 τῇ
440 3669 651 3759 ἀνδρωνίτιδι
675 3673 955 3760 διαλεγομένηνθ),
987 3669 1078 3750 ἅπαξ
1100 3676 1133 3739 δὲ
1161 3674 1218 3758 τὴν
1240 3681 1369 3740 Ναυσι-

146 3783 210 3841 κᾶν
219 3783 259 3862 ⁷).
302 3773 376 3839 Ἐπί
399 3783 488 3842 πᾶσι
512 3781 547 3844 δέ
570 3781 701 3856 τούτοις
723 3771 848 3855 τούπος
871 3779 950 3844 τόδε
974 3779 1302 3863 έπαναλαμβόνεται

307 3887 367 3966 στῆ
391 3882 434 3968 ῥα
457 3886 554 3971 παρόι
578 3887 736 3970 σταθμόν
758 3892 868 3969 τέγεος
890 3888 982 3952 πύκα
1005 3894 1172 3971 ποιητοῖο.

237 4133 262 4199 1)
282 4136 399 4185 330-3.
455 4133 482 4200 υ)
503 4138 635 4198 κιο-45,
655 4143 718 4208 πρμ.
743 4140 856 4188 131-3.
919 4133 1082 4207 3)178-1.
1138 4135 1168 4200 4)
1186 4127 1236 4187 ὀε
1259 4140 1295 4191 ψ,
1316 4141 1368 4191 335

147 4225 224 4273 -ιυ,
247 4228 310 4294 πρε.
332 4225 447 4276 331-5.
506 4220 535 4295 5)
549 4217 602 4276 ὀυ
623 4229 661 4278 x,
681 4228 831 4280 330-400.
853 4231 917 4294 πρε.
940 4227 976 4275 Ψ.
991 4226 1088 4276 42-4.
1145 4220 1174 4295 ε)
1190 4217 1243 4280 ὀε
1257 4228 1290 4279 Α.
1305 4229 1365 4278 333.

147 4312 261 4361 13415.
283 4315 318 4365 Σ,
339 4315 402 4367 303.
424 4315 458 4367 Φ.
487 4315 531 4367 64.
551 4318 615 4386 πρρ.
641 4315 762 4375 Nitzsch,
789 4315 869 4364 Anm.
892 4317 917 4376 1,
943 4309 996 4366 σελ.
1017 4315 1131 4365 59-60.
1170 4314 1243 4380 Hirt,
1268 4313 1365 4368 Gesch.

146 4399 173 4452 d.
194 4399 282 4476 nauh
305 4404 330 4465 1,
349 4404 403 4470 σεε.
425 4404 583 4468 212‚§11·
642 4396 737 4468 κγὀι.
761 4402 793 4453 3.
814 4404 876 4454 ωε.
1396 4393 1399 4401 ’

1115 4489 1154 4540 4*
