3114 4810
682 249 724 312 47

46 489 60 522 ,
86 431 182 504 τιδος
206 423 485 506 ὀναπτάσθαιί).
531 425 597 488 Καὶ
622 417 761 501 ὅτιμὲν
790 417 865 485 άντὶ
888 423 950 486 τοῦ
972 421 1152 509 μελάθρου
1178 418 1261 487 δίλλο
1285 446 1317 486 τι

84 533 317 623 μερικοίτερον
349 527 367 596 ὀ
398 529 540 615 ποιητὴς
578 530 733 594 ἐνταῦθα
765 528 907 614 φράζειν
943 528 1106 609 ἐδύνατο,
1147 529 1339 615 φανερόν·

84 647 124 719 ἐξ
156 631 205 706 ὦν
237 636 328 720 ὅμως
355 639 390 701 ἐν
414 645 487 710 τοῖς
510 638 688 716 ἑπομένοις
718 639 796 720 περί
826 639 885 720 της
904 632 1052 721 Ἀθηνᾶς
1070 627 1114 701 αό
1136 637 1238 717 λέγει,
1262 634 1318 700 ὅτι

85 751 147 836 την
171 749 285 830 αίγίδα
309 742 447 833 ύψύθεν
469 744 504 807 ἐκ
527 746 584 828 τῆς
606 738 737 828 ὀροφῆς
761 738 900 824 άνέσχε,
923 742 1047 821 νομίζω
1071 743 1116 828 μη
1141 739 1185 808 άν
1209 740 1318 818 ἄλλως

90 856 130 922 τὸ
153 855 331 938 μέλαθρον
355 853 519 930 νοεῖσθαι
542 847 562 936 η’
585 846 699 934 ὥσπερ
723 852 759 912 έν
782 857 855 924 τοῖς
877 851 1075 936 ἔμπροσθεν
1093 849 1315 935 διύρισταιί).

95 959 145 1030 Ού
167 961 276 1045 μόνον
307 961 344 1023 δέ
374 958 414 1022 τὸ
447 957 546 1024 ένδον
575 962 632 1040 τῆς
665 951 812 1040 ὀροφῆς,
844 950 929 1020 άλλά
963 960 1019 1020 καί
1042 953 1062 1042 ἤ
1086 960 1181 1040 στέγη
1213 947 1317 1030 αὖθις

88 1069 268 1154 μέλαθρον
291 1065 454 1130 καλεῖται.
498 1060 532 1128 ‘0
548 1062 609 1146 γάρ
628 1059 737 1138 αἐτός,
762 1059 799 1137 ὂς
815 1062 995 1154 Πηνελόπη
1012 1070 1049 1128 έν
1065 1057 1183 1148 ὀνείρῳ
1201 1063 1318 1135 ἔδοξεν

88 1180 126 1252 ἐξ
150 1171 251 1259 ὅρους
281 1172 398 1238 έλθεῑν
428 1174 485 1236 καί
514 1170 649 1244 πάντας
681 1165 771 1260 αύτῇ·
797 1168 877 1246 τούς
906 1174 1008 1254 χῆνας
1039 1165 1242 1234 ἀποκτεῖναι
1270 1172 1318 1250 τηῖ

93 1277 281 1368 προύχοντι
310 1278 475 1361 μελάθρῳ
508 1275 731 1362 προσκαθίζω
743 1281 780 1353 ³).
817 1271 911 1340 Ἔστι
943 1277 979 1340 δέ
1010 1280 1112 1342 τούτο
1137 1275 1176 1340 τό
1201 1271 1316 1359 ὥσπερ

93 1398 207 1470 γεῖσον
227 1374 380 1471 προύχον
412 1381 481 1448 άπὸ
506 1384 569 1448 τοῦ
590 1385 705 1461 τοίχου
738 1377 844 1466 ὀίκρον
868 1384 924 1467 τῆς
949 1390 1071 1468 στέγης.
1118 1386 1182 1448 Καὶ
1205 1387 1316 1448 ταῦτα

90 1500 156 1575 μὲν
177 1497 259 1577 περὶ
282 1494 344 1556 τού
366 1490 555 1575 μελάθρου.

614 1684 796 1754 Φωιαγωγοί.

172 1828 244 1896 Ὅτι
266 1835 329 1912 μὲν
352 1833 404 1894 καί
428 1829 462 1892 οί
492 1824 633 1913 α’ρχαίοι
664 1825 881 1906 διαιτώμενοι
911 1828 947 1890 έν
978 1837 1050 1902 τοῖς
1080 1826 1239 1912 οἰκήμασι
1261 1830 1317 1890 καί

90 1938 314 2025 ἡμερεύοντες
345 1936 458 2021 φωτὸς
490 1936 625 1999 ἐδέοντο
658 1939 715 1998 καί
745 1933 803 1997 διά
835 1936 936 1998 τοῦτο
968 1933 1036 1998 ιίτε
1067 1933 1145 2010 τοὺς
1183 1939 1317 2015 τοίχους

92 2042 208 2110 αύτιόν
248 2045 314 2110 εἴτε
352 2044 413 2118 τὰς
451 2045 571 2123 στέγας
610 2049 827 2124 φωταγωγοῑς
864 2041 1127 2122 κατεσκεύαζον,
1158 2037 1342 2126 εὔδηλον·

92 2148 147 2216 ὅτι
179 2153 216 2216 δέ
247 2147 325 2230 οὐχ,
349 2146 462 2230 ὥσπερ
486 2146 581 2232 η’μείς
605 2149 674 2228 νῦν,
705 2146 834 2222 πολλάς
859 2142 934 2210 ούδέ
960 2146 1109 2227 μεγάλας
1132 2145 1210 2210 οόδέ
1235 2165 1317 2225 συμ-

94 2265 239 2339 μέτρους
262 2257 413 2334 ἐποίουν,
435 2253 581 2337 γνωστὸν
602 2251 681 2338 ἡμῖν
704 2257 760 2318 καὶ
778 2252 928 2318 ἄλλοθεν
943 2257 998 2316 καί
1015 2254 1049 2316 έκ
1070 2257 1132 2316 τοῦ
1148 2250 1317 2332 ὀνόματος

99 2357 224 2424 αὐτοῦ·
263 2363 405 2445 θυρίδας
441 2361 503 2445 γὰρ
542 2356 650 2436 αύτὰς
688 2361 838 2426 ἐκάλουν.
887 2358 981 2425 Ἔστι
1020 2361 1055 2424 δὲ
1092 2362 1193 2444 θνρίς
1231 2353 1316 2423 καθ’

95 2465 253 2548 Ἡσάχιον
291 2463 356 2551 ὀπὴ
392 2467 497 2551 μικρά
506 2471 543 2548 ⁴).
593 2463 643 2532 Ού
673 2469 738 2552 μην
775 2466 862 2532 α’λλόι
892 2472 948 2532 καὶ
979 2468 1015 2531 έν
1045 2472 1083 2559 τῇ
1113 2463 1199 2532 καθ’
1230 2465 1318 2552 ἡμάς

91 2577 215 2656 γνησίᾳ
239 2579 305 2637 τεᾶν
323 2569 482 2658 Ἑλλήνων
508 2579 604 2665 φωνῇ
628 2574 666 2638 αί
682 2579 877 2658 φοιταγωγοί
901 2581 968 2640 ταῖν
992 2573 1183 2659 οἰκημάτων
1205 2597 1316 2660 παρα-

89 2679 219 2765 θύρια,
257 2683 411 2766 θυρίδες,
451 2688 606 2764 φεγγίται
644 2681 851 2763 καλούμεναι
890 2677 986 2746 οὐδὲν
1024 2678 1106 2746 ἄλλο
1144 2676 1165 2764 ἢ
1199 2684 1317 2765 μικραί

89 2786 291 2872 τετράγωνοι
321 2793 378 2851 καί
409 2786 585 2870 ἐπιμήκεις
615 2783 702 2852 ὀπαί
733 2789 837 2869 εἰσιν,
869 2792 909 2876 αἳ
934 2787 1019 2879 μόνη
1041 2793 1083 2877 τῇ
1102 2788 1213 2872 χοίρρι,
1237 2776 1316 2878 ένῇ

92 2901 238 2974 κεῖνται,
263 2890 412 2978 άλληλων
443 2894 653 2977 διαφέρουσι.
703 2893 751 2960 Τὸ
773 2895 919 2981 μὲνγὰρ
942 2895 1177 2981 παραθύριον,
1202 2890 1320 2980 ὀίσπερ·

92 3004 147 3063 καί
169 2997 320 3082 τούνομα
345 2999 447 3082 δηλοῖ,
470 2997 558 3086 παρ’
583 2999 665 3093 αὐτῇ
687 3008 727 3091 τῇ
750 3001 854 3084 θύρᾳ,
886 2997 904 3084 ἢ
929 3005 965 3065 δὲ
989 3005 1087 3086 θυρὶς
1110 2995 1194 3087 ύπέρ
1219 2995 1317 3083 αὐτῆς

88 3129 127 3168 τε
150 3109 288 3191 καὶτῆς
312 3102 381 3170 ίίνω
413 3106 529 3190 φλιᾶς,
561 3105 581 3172 ὀ
604 3110 640 3172 δὲ
664 3113 814 3194 φεγγίτης
845 3105 932 3172 κατά
962 3109 1001 3173 τό
1031 3107 1100 3172 ὀίνω
1125 3103 1227 3193 ὀίκρον
1250 3113 1317 3170 τῶν

92 3216 209 3292 τοίχων
231 3208 299 3276 ύπδ
322 3219 364 3306 τῇ
387 3210 498 3305 ὀροφῇ
523 3213 567 3289 τίς
596 3215 635 3280 τὸ
660 3215 747 3280 πολὺ
777 3215 1071 3290 κατασκευάζεται.
1118 3218 1186 3280 Καὶ
1208 3220 1316 3279 ταῦτα

92 3322 155 3398 μὲν
178 3322 255 3404 περί
276 3323 343 3384 τῶν
365 3317 452 3403 μεθ’
465 3317 615 3408 Ὅμηρον
635 3327 691 3400 καί
713 3329 780 3386 τῶν
802 3325 860 3386 νῦν
882 3326 1100 3405 φωταγωγῶν.
1143 3319 1195 3385 Ἐν
1218 3322 1253 3384 δέ
1276 3328 1316 3412 τῇ

85 3419 269 3500 Ὀδυσσέως
293 3421 504 3513 ὀνδρωνίτιδί
526 3451 614 3504 τινες
643 3435 705 3494 τῶν
727 3429 771 3492 τὰ
791 3427 932 3516 Ὀμηρου
960 3430 1208 3513 ἐξηγησαμένων
1231 3433 1318 3512 φασί

83 3533 252 3606 τοιαύτας
282 3527 303 3616 ἢ
332 3538 388 3596 καί
418 3534 662 3620 παραπλησίας
694 3535 911 3618 φωταγωγούς
948 3539 1125 3617 νοεῖσθαι,
1158 3536 1193 3600 έν
1225 3529 1316 3610 οἷςό

83 3639 230 3723 ποιητὴς
252 3637 312 3722 την
341 3641 398 3723 τῆς
418 3635 556 3724 Ἀθηνᾶς
586 3643 621 3704 ἐκ
652 3646 709 3727 τῆς
733 3638 969 3726 άνδρωνίτιδνς
997 3638 1209 3728 άναχιόρησιν
1231 3641 1317 3727 πρὸς

84 3741 231 3832 ὄρνιθος
254 3751 376 3828 πτῆσιν
400 3745 613 3842 παραβαλών
635 3747 765 3832 εἴρηκεν

452 3919 527 3998 ὀρνις
545 3925 575 3978 δ’
594 3924 630 3983 ὣς
648 3923 768 3981 άνόκαια
788 3927 951 3996 διέπιοιοί).

182 4119 208 4186 1)
227 4117 280 4172 Ὀδ.
299 4123 337 4170 Χ.
359 4121 492 4172 239-40.
549 4121 576 4186 2)
595 4120 648 4174 Ὀδ.
669 4127 705 4176 Χ.
722 4127 782 4177 298.
803 4131 866 4192 πρβ.
883 4120 980 4179 amaon
993 4119 1151 4178 Βύσιάθιον
1163 4122 1218 4174 «ua.
1235 4125 1313 4186 1925,

83 4215 134 4263 46.
206 4205 233 4274 3)
251 4207 301 4260 Ὀδ.
326 4211 355 4258 Τ.
377 4211 438 4260 544.
514 4211 542 4277 4)
561 4216 623 4277 πρβ.
650 4213 768 4278 Kranae,
794 4215 976 4266 Deinokrates
1002 4231 1019 4265 σ
1054 4216 1106 4266 518
1131 4231 1156 4265 ιι.
1179 4212 1246 4277 ἑξῆς.
1280 4213 1314 4267 Δ.

83 4298 243 4361 Winckler‚
269 4298 314 4348 die
331 4297 524 4352 Wohnhfluser
549 4301 597 4351 der
615 4301 724 4356 Hellen.
751 4301 804 4354 στί.
825 4305 876 4352 174
895 4320 919 4353 ιι.
941 4299 1008 4366 έξῆς.
1034 4301 1147 4366 Becker,
1172 4303 1315 4355 Charikles

87 4389 198 4457 [Herm.
221 4385 293 4452 Gffll]
314 4405 376 4454 ιαμ.
396 4391 421 4452 2,
441 4387 487 4442 οελ
518 4393 578 4442 149.
635 4391 662 4458 5)
681 4389 731 4442 Ὀδ.
749 4392 781 4440 Α.
803 4393 863 4442 320.
885 4391 956 4456 Hirt,
976 4390 1073 4443 Gesoh.
1094 4393 1121 4445 d.
1143 4392 1222 4442 Bahk
1247 4393 1308 4440 214.
