3114 4810
826 219 867 286 26

237 387 409 475 άναιριῖν,
440 392 474 456 εί
502 415 535 455 τι
565 395 621 456 καί
653 388 794 475 σμικρόν
827 386 951 475 όφελυς
981 399 1023 486 τῇ
1055 397 1211 491 παρούσῃ
1243 406 1465 486 πραγματείᾳ

235 498 524 583 προσγιγνόμενον
547 498 675 583 ἑιόρων·
706 500 768 564 νύν
798 500 835 562 δὲ
866 503 922 564 καί
951 500 1092 577 ταύταις
1122 504 1235 572 πολλοὶ
1262 512 1393 594 χαίρειν
1417 509 1465 572 ελ-

236 604 311 670 πιδν
335 605 548 690 πειράσομαι
570 608 706 690 πρῶτον
736 603 795 690 την
826 609 893 670 τῶν
923 607 1133 690 πεντήκοντα
1165 613 1339 693 θαλάμων
1361 620 1397 678 έν
1420 617 1466 704 τῆ

237 707 323 802 αὐλη
348 711 508 776 διάθεσιν
533 717 733 794 σαφηνίσαι,
756 707 831 774 εἶτα
856 714 892 776 δέ
917 717 971 776 καλ
995 719 1073 798 περὶ
1096 718 1155 801 τῆς
1177 724 1245 782 τοῖν
1269 720 1399 786 δυόδεκα
1416 720 1465 784 τά

236 818 454 903 προσήκοντα
479 818 551 900 ἐροῦ.
594 813 713 896 Ὁμέν
736 818 774 903 δὴ
788 812 936 903 Όμηρος
958 825 1123 907 πεποίηκε
1146 845 1226 900 τους
1249 827 1286 888 έν
1307 830 1349 918 τῇ
1372 823 1463 919 αὐλῇ

235 923 417 1002 θαλάμους
440 924 535 998 ίσους
557 922 618 987 τὸν
642 918 795 1009 άριθμύν
825 933 898 999 τοις
923 927 1082 1012 Πριάμου
1114 929 1217 994 υἱέσι·
1248 931 1463 1032 πεντήκοντα

234 1029 296 1115 γάρ
321 1025 415 1112 αὐτῷ
438 1019 525 1116 ησαν
537 1036 579 1112 ¹)
603 1026 697 1114 ἡμεις
722 1031 757 1094 δέ
780 1030 817 1102 ἐξ
837 1026 950 1096 αὐτοῖν
970 1023 1019 1096 αὐ
1043 1035 1110 1098 τεόν
1133 1037 1333 1120 πονημάτων
1347 1039 1461 1121 γιγνιό-

236 1151 371 1218 σκομεν,
395 1131 448 1200 ότι
473 1136 507 1202 οί
529 1137 589 1202 δύο
613 1141 675 1200 τού
698 1135 859 1221 Πριάμου
889 1138 982 1218 νίεις,
1010 1135 1220 1226 Ἀλέξανδρος
1242 1147 1299 1208 καί
1320 1142 1461 1230 Ἕκτωρ,

233 1246 332 1328 χωρὶς
354 1244 390 1308 ἐν
413 1245 511 1318 ίδίοις
528 1239 730 1326 άνακτόροις
747 1240 900 1328 χ’ίιιοννῖ),
925 1242 1012 1309 δι’στε
1034 1246 1066 1310 ολ
1082 1248 1118 1310 έν
1133 1255 1172 1338 τῇ
1189 1247 1273 1334 αὐλῆ
1288 1249 1461 1332 θάλαμοι,

240 1346 387 1438 άκριβιύς
403 1350 524 1431 εἰπεῖν,
547 1345 588 1414 οὐ
611 1350 830 1436 πεντήκοντα,
855 1347 924 1416 ἀλλ’
948 1346 1033 1416 όκτδι
1057 1357 1114 1418 καλ
1137 1356 1393 1441 τεσσαράκοντα
1419 1357 1461 1422 τὸ

235 1456 371 1554 πλῆθος
401 1448 497 1541 ἦσαν.
557 1461 598 1522 Τί
631 1449 708 1536 οὐν;
741 1457 897 1540 φήσομεν
924 1453 1075 1542 Ὅμηρον
1112 1464 1259 1526 τοιαῦτα
1290 1465 1462 1528 ποιοῦντα

236 1557 402 1627 τάναντία
433 1564 544 1646 ἑαυτῷ
574 1563 697 1645 λέγειν;
741 1560 791 1630 Οὐ
812 1564 861 1642 μά
894 1559 951 1628 Δί’
984 1559 1081 1628 οὐδέν
1111 1569 1269 1634 τοιοῦτον
1300 1565 1386 1650 ἔγωγ’
1416 1561 1463 1632 ἂν

235 1671 462 1755 φθεγξαίμην.
508 1666 602 1734 Ἀλλά
625 1675 657 1734 τί
682 1674 817 1752 φῶμεν;
848 1667 947 1734 οὐδέν
969 1694 1002 1734 τι
1027 1652 1122 1753 άλλο,
1147 1667 1297 1756 οἶμαι,’
1277 1699 1296 1759 η
1321 1675 1463 1740 καὶτὸν

170 1765 175 1774 ’
233 1771 392 1872 Όμηρον,
417 1773 531 1861 όίσπερ
555 1775 690 1850 πάντας
713 1774 793 1851 τούς
817 1770 978 1862 άρχαίους
1002 1777 1147 1879 ποιητὰς
1167 1785 1223 1844 καὶ
1239 1789 1459 1865 συγγραφέας,

234 1886 354 1960 μνείαν
385 1887 452 1945 τῶν
481 1888 517 1945 ἐν
547 1890 588 1974 τῇ
618 1878 700 1974 αὐλῇ
730 1883 901 1964 θαλάμων
931 1885 1163 1969 ποιησάμενον
1193 1890 1242 1968 τηῐ
1272 1885 1311 1970 δη
1343 1902 1457 1972 στρογ-

179 2023 190 2044 ·
234 1988 321 2070 γύληι
354 1984 493 2073 άριθμῴ
528 1989 723 2072 καλουμένῳ
755 1990 965 2074 χρήσασθαι.
1017 1987 1109 2056 Ἀλλά
1139 1991 1226 2076 πρδς
1256 1997 1292 2054 τί
1321 1997 1459 2056 σκοπεῖν

236 2100 343 2158 ταῦτα
368 2096 457 2175 λέγω,
488 2098 582 2161 είποι
613 2121 663 2172 τις
694 2087 738 2160 ὐν
762 2096 859 2177 ἴσως,
898 2098 1046 2183 πρόσχες
1069 2119 1129 2176 μοι
1158 2096 1265 2176 μόνον
1294 2104 1352 2160 τόν
1375 2101 1458 2162 νούν

236 2203 292 2264 καὶ
309 2197 430 2265 αὐτίκα
446 2204 599 2294 μαθήσῃ,
621 2201 649 2284 ό,
666 2229 698 2267 τι
714 2209 770 2268 καὶ
786 2205 891 2285 λέγειν
906 2205 1086 2285 βούλομαι.
1132 2204 1241 2288 Είπερ
1257 2202 1314 2288 γάρ
1330 2200 1452 2290 ἑκάστη

169 2313 171 2320 ’
234 2314 302 2372 τῶν
326 2309 501 2394 τεσσάρων
525 2316 583 2393 τῆς
607 2305 710 2393 αὐλῇς
733 2310 888 2393 πλευρῶν
912 2309 1041 2373 δυόδεκα
1065 2314 1132 2373 τῶν
1161 2309 1328 2390 θαλάμων
1351 2327 1456 2391 προσ-

234 2422 350 2493 νεῖμαι
366 2415 515 2495 βούλοιο,
541 2411 581 2478 οὐ
597 2415 705 2494 μόνον
728 2413 768 2477 τό
792 2415 979 2496 κεφάλαιον
1001 2411 1113 2478 αὐτῶν
1131 2405 1236 2490 αὐθις
1250 2417 1347 2495 ἔξεις,
1371 2407 1460 2476 άλλδι

235 2525 291 2584 καὶ
315 2523 372 2606 τῆς
396 2522 430 2584 ἐν
454 2525 495 2611 ιη’
519 2515 605 2611 αὐλῇ
623 2525 830 2606 συμμετρίας
845 2528 1056 2604 παραχρῆμα
1075 2521 1238 2604 αι”σθησιν
1262 2516 1307 2583 δν
1330 2519 1460 2600 λάβοις.
1534 2505 1535 2508 ¹

234 2632 301 2692 Καὶ
318 2625 406 2692 οὕτω
430 2632 493 2708 μὲν
517 2627 557 2712 δή
582 2647 638 2692 σοι
663 2616 759 2692 αὐτοι
784 2627 815 2690 οἱ
841 2623 925 2690 ὐκτύ
950 2631 1006 2690 καὶ
1029 2625 1287 2710 τεσσαράκοντα
1301 2624 1461 2707 θάλαμοι

235 2733 415 2820 εὐρύθμως
445 2740 481 2798 ἐν
511 2739 549 2824 τῇ
581 2729 666 2825 αὐλῇ
701 2737 953 2814 διατεθειμένον
984 2727 1028 2796 &iv
1058 2727 1134 2796 ελεν.
1186 2727 1280 2796 Ἀλλά
1313 2733 1393 2808 τούς
1423 2757 1459 2815 γε

235 2841 375 2921 δώδεκα,
399 2840 479 2916 τούς
494 2841 626 2923 ἑτέρους
641 2843 708 2906 τόν
724 2847 920 2928 θυγατέρων
936 2839 1026 2924 λέγω,
1042 2844 1113 2904 ποῦ
1129 2845 1187 2923 τῆς
1203 2835 1305 2924 αὐλῆς
1321 2843 1458 2918 θοῖμεν;
1533 2839 1534 2842 ’

234 2946 337 3032 μεστὴ
362 2951 426 3034 γάρ
451 2945 575 3014 άπασα
599 2949 769 3028 θαλάμων
793 2953 865 3012 έστί
888 2952 942 3011 καὶ
968 2942 1079 3012 οὐκέτι
1102 2952 1212 3032 χῶρος
1236 2941 1354 3020 αὐτοῖς
1376 2941 1458 3010 ὐπο-

234 3050 399 3122 λείπετάι.
439 3053 512 3136 Ἔχε
538 3053 592 3139 δή·
617 3061 673 3119 καλ
697 3060 773 3139 περλ
792 3055 917 3118 τούτου
941 3057 1003 3119 νύν
1027 3053 1248 3142 σκεψόμεθα·
1274 3047 1293 3114 ό
1317 3049 1379 3137 γὰρ
1404 3046 1453 3138 δρ-

234 3165 308 3238 θώς
330 3161 391 3248 τὴν
413 3156 581 3226 ύπόνοιιιν
604 3165 671 3224 των
694 3163 786 3225 έποίυ
808 3160 1038 3242 ἐπιστάμενος
1062 3156 1122 3224 οὐκ
1147 3157 1326 3243 άπορήσιι,
1351 3151 1459 3237 οἶμαι,

234 3265 327 3344 ὅπως
365 3255 403 3332 εὐ
440 3291 476 3332 τε
507 3270 563 3332 καλ
596 3266 681 3332 κατὰ
716 3267 845 3348 κόσμον
876 3270 933 3331 καλ
963 3268 1106 3342 τούτους
1139 3260 1312 3350 διαθήσει.
1368 3269 1461 3349 Φημί

234 3383 347 3440 τοίνυν
377 3374 520 3449 τούτους
550 3374 631 3450 τούς
661 3375 844 3455 θαλάμους
881 3375 938 3438 ἐπὶ
968 3380 1031 3438 τού
1061 3375 1237 3458 προσθλον
1268 3375 1331 3434 τού
1363 3371 1458 3434 οίκου

232 3487 349 3564 τοίχου
372 3486 522 3563 κεῖσθαι,
554 3479 592 3557 ὂς
622 3485 681 3545 καὶ
711 3480 770 3565 τὴν
800 3481 963 3566 τετάρτην
994 3482 1061 3544 τοῖν
1091 3479 1247 3565 πλευράν
1275 3481 1332 3564 τῆς
1355 3473 1460 3559 αὐλῆς

233 3588 319 3674 πρὸς
342 3588 384 3652 τά
414 3589 513 3652 ἔνδον
543 3590 672 3653 ἐποίει·
705 3585 745 3652 οὐ
775 3587 842 3674 μὴν
871 3587 1008 3668 ίσόγεως
1040 3581 1297 3671 ᾠκοδομῆσθαι,
1328 3579 1399 3648 ἄλλ’
1422 3585 1458 3648 λιι

231 3699 295 3762 τοῦ
317 3700 424 3775 μέσον
447 3700 562 3776 τοίχου
586 3698 642 3758 καὶ
673 3689 810 3758 άνωθεν
841 3697 898 3778 τῆς
922 3699 1034 3778 στέγης
1061 3699 1119 3777 τῆς
1142 3692 1309 3775 αἰθούσης
1332 3691 1459 3767 αὐτούς
1529 3717 1530 3730 ³

233 3801 406 3888 άρχεσθαι
436 3805 494 3868 καὶ
525 3800 612 3887 πρδς
642 3801 684 3864 τά
717 3795 787 3864 άυω
819 3805 906 3864 ἰέναι
936 3803 992 3863 καί
1024 3799 1080 3864 διὰ
1108 3802 1209 3863 τοῦτο
1233 3805 1363 3877 τεγέους
1385 3794 1456 3863 ὐπὸ
1516 3821 1521 3840 ·

232 3916 293 3975 τοῦ
316 3914 460 3996 ποιητοῦ
483 3907 744 3987 ἐπωνομάσθαι.
793 3906 841 3971 Τό
867 3909 902 3970 δέ
924 3929 979 3970 τοι
1002 3915 1111 3988 τέγεος
1133 3910 1236 3970 τούτο
1260 3906 1324 3984 μιᾷ
1346 3905 1458 3993 γνώμη

231 4013 299 4083 ὐπδ
317 4017 457 4082 πάντων
473 4017 540 4080 τῶν
556 4014 715 4080 παλαιάν
731 4017 780 4098 τηῖ
795 4008 1139 4097 ύπερηῖοςόρθότατα
1155 4009 1456 4096 ἑρμηνευόμενονδ)

322 4267 348 4333 1)
368 4260 410 4320 Ἰλ.
433 4269 468 4320 ίὶ.
488 4269 549 4320 496.
611 4269 639 4333 2)
658 4263 699 4318 ²12.
721 4271 752 4318 Z.
774 4267 888 4318 313-8.
958 4266 985 4331 3)
1003 4265 1096 4333 Ἡσυχ.
1118 4263 1148 4312 έν
1167 4260 1204 4330 τῷ
1222 4254 1338 4327 ὀνόματι
1357 4265 1455 4330 τέγεσι.

234 4357 295 4416 Λεξ.
313 4349 415 4410 Ἂπολλ.
435 4359 510 4425 Σοφ.
535 4354 591 4410 σελ.
614 4359 674 4419 150,
697 4359 739 4412 25.
780 4355 872 4410 fichol.
899 4354 946 4406 Gr.
971 4353 1056 4410 Dind.
1077 4369 1139 4420 τομ.
1167 4354 1193 4413 1,
1218 4350 1273 4404 τελ.
1301 4353 1362 4404 238.
1388 4357 1455 4420 πρμ.
