3114 4810
729 217 770 282 37

121 397 172 476 τῷ
200 397 323 476 οἰκείῳ
349 393 445 476 τόπῳ
469 383 614 478 α’κριβῶς
637 393 720 475 ἐρῶ·
750 393 808 456 νῦν
831 393 867 456 δέ
890 393 967 474 περὶ
990 397 1058 456 τῶν
1073 391 1283 476 ἐρεισμάτοιν
1306 395 1363 456 καί

121 499 161 584 δη“
205 503 294 584 περὶ
336 503 404 564 τῶν
434 501 616 578 μεσοδμῶν
647 504 785 581 πρῶτον
816 498 924 560 εἰπεῖν
956 497 1176 583 πειράσομαι.
1208 495 1273 564 Ἤν
1302 505 1363 579 μὲν

119 608 186 692 γὰρ
219 607 267 670 τὰ
305 610 374 671 τῶν
410 607 592 685 μεσοδμῶν
623 601 737 690 όρθῶς
767 608 970 689 ἑρμηνεῦσαι
1005 607 1157 688 δυνηθῶ,
1197 603 1237 670 ού
1266 607 1363 686 χαλε-

122 712 195 778 πὸν
230 717 298 778 καὶ
329 710 474 778 ἅπασαν
497 711 555 796 την
585 713 682 776 ένδον
712 714 771 795 τῆς
802 706 1040 798 άνδρωνίτιδος
1071 711 1230 776 διάθεσιν
1261 736 1362 778 κατα-

128 827 278 901 μαθεῖν,
312 820 370 884 οἵα
402 825 452 902 τῷ
483 816 558 882 όυτι
588 821 637 903 η’ν.

674 959 829 1032 Μεσόδμαι.

228 1090 307 1152 Τῶν
339 1079 398 1150 οῦν
421 1089 478 1169 της
502 1080 742 1165 α’νδρωνίτιδος
764 1083 944 1161 μεσοδμῶν
968 1084 1018 1158 δίς
1029 1077 1177 1168 (Όμηρος
1200 1090 1236 1147 ἐν
1253 1079 1362 1148 Ὀδυσ-

133 1200 214 1274 σείηι
240 1200 403 1277 μέμνηται
414 1197 436 1270 ¹)
467 1189 628 1275 συνάψας
651 1199 723 1263 τοῖς
745 1194 872 1270 τοίχοις
895 1193 952 1252 καί
975 1197 1051 1264 ταῖς
1077 1191 1189 1265 δοκοῖς
1213 1193 1268 1254 καί
1292 1201 1365 1276 τοῖςΙ

135 1306 232 1364 κίοσι
261 1305 317 1363 καὶ
349 1297 455 1372 καλός
486 1295 718 1376 ἐπονομάσας.
773 1299 839 1358 Καὶ
871 1291 923 1358 ὅτι
953 1299 1015 1374 μὲν
1045 1295 1082 1360 αἱ
1102 1297 1273 1378 μεσόδμαι
1296 1303 1364 1362 τῶν

133 1407 350 1491 έρεισμάτων
380 1411 414 1468 τί
442 1405 538 1485 εἰσιν,
562 1410 597 1466 ἐκ
628 1407 696 1466 τῶν
723 1407 854 1483 χωρίων
883 1401 1010 1465 τούτων
1034 1404 1150 1487 δῆλον·
1184 1401 1304 1467 ὁποῖαι
1328 1405 1364 1468 δὲ

132 1517 195 1576 καί
246 1508 336 1576 ὅπου
381 1515 436 1595 τῆς
481 1509 718 1596 α’νδρωνίτιδος
763 1498 869 1592 ἦσαν,
913 1513 1014 1572 τοῦτο
1055 1509 1094 1596 δὴ
1140 1509 1364 1598 παντάπασιν

138 1615 395 1698 οἷπεγνῶκαμεν.
444 1621 631 1702 Τοιγαροῦν
654 1617 819 1690 πλατείας
843 1604 946 1690 αῦθις
973 1614 1139 1680 κελεύθου
1168 1627 1245 1692 ταῖς
1275 1617 1363 1680 είκα-

142 1729 237 1800 σίαις
275 1720 448 1789 κάνταῦθα
479 1721 697 1809 ὑπαρχούσης
728 1721 848 1785 πολλοὶ
887 1725 955 1786 τῶν
985 1721 1028 1785 τοὶ
1063 1718 1206 1808 Ὁμήρου
1237 1724 1364 1808 ἐξηγου-

136 1835 252 1908 μένων
283 1831 544 1914 φιλοτιμότερον
576 1831 779 1913 διετέθησαν
810 1834 852 1919 τῇ
881 1831 949 1892 τῶν
971 1832 1132 1893 ἐπινοιῶν
1156 1824 1284 1911 υἷτοπίηι
1308 1833 1365 1893 καί
1429 1909 1430 1913 ¹

137 1938 311 2024 καινότητι
347 1935 512 2022 άλλήλους
549 1933 789 2023 ὑπερδραμεῖν.
834 1929 952 2018 Ἔγωγε
986 1940 1103 2014 μέντοι
1133 1935 1196 2012 τάς
1233 1935 1365 2017 γνώμας

139 2041 253 2109 αύτῶν
291 2051 327 2108 έν
365 2048 415 2127 τῷ
453 2047 619 2127 έπιμέτρῳ
654 2042 821 2120 ἐπιμελῶς
859 2043 1158 2128 καταγεγραφῶςῖ)
1200 2039 1296 2108 ούδέν
1332 2067 1365 2106 τι

140 2153 245 2216 πλέον
274 2154 430 2214 ἐνταῦθα
463 2147 745 2233 περιεργάσομαι,
777 2144 855 2212 ἄλλ’
884 2153 1003 2228 ἑτέραν
1039 2147 1120 2212 όδόν
1150 2150 1365 2232 τραπόμενος

144 2259 181 2329 ἐξ
214 2254 326 2319 αύτῶν
365 2243 467 2328 αῦθις
503 2256 570 2318 τῶν
605 2256 804 2341 ποιημάτιον
836 2253 946 2341 πόρον
983 2253 1060 2316 τινὰ
1092 2251 1205 2339 εύρείν
1241 2262 1363 2336 ἐπιχει-

148 2362 247 2448 ρήσω.
295 2366 357 2426 Καὶ
388 2361 502 2446 ἑτέρας
536 2361 707 2446 μεσόδμης
734 2358 882 2449 Ὅμηρος
912 2369 948 2425 έν
975 2355 1151 2442 Ὀδυσσείᾳ
1189 2369 1364 2448 μέμνηται,

145 2467 327 2550 οἰκήματος
355 2472 418 2544 μέν
438 2463 499 2548 ὀύ,
531 2468 615 2542 νεῶς
637 2472 673 2532 δέ
685 2476 720 2548 ³).
758 2466 852 2533 ’Ἐστι
884 2468 923 2554 δὴ
955 2465 1039 2553 αῦτη
1069 2467 1265 2555 ἡμεσόδμη
1287 2465 1307 2553 ἦ
1331 2475 1367 2533 έν

141 2583 215 2648 τοῖς
237 2579 446 2657 μικροτέροις
462 2579 529 2638 τῶν
547 2581 690 2656 σκαφῶν
708 2578 847 2662 δευτέρα
864 2576 985 2662 τρόπις
1005 2575 1202 2662 καλουμένη,
1225 2573 1245 2660 ἣ
1269 2577 1367 2640 ἔνδον

140 2671 229 2746 οῦσα
253 2683 309 2743 καὶ
333 2677 403 2744 άπὸ
436 2706 494 2764 της
525 2683 667 2766 πρῴρας
697 2684 745 2758 είς
776 2683 835 2768 την
866 2681 1023 2768 πρύμναν
1053 2687 1161 2761 μέσον
1191 2679 1366 2764 τοῦδαφος

141 2784 256 2873 ῶσπερ
281 2783 403 2850 εύθεία
427 2793 598 2865 τέμνουσα
622 2791 679 2853 ἐπὶ
695 2793 753 2873 τῆς
768 2788 957 2871 γωνιῶδους
972 2791 1040 2852 τῶν
1057 2795 1227 2869 σταμίνων
1244 2809 1365 2875 συναρ-

142 2901 242 2978 μογῆς
266 2893 510 2979 προσηλοῦται.
557 2895 597 2967 Al
630 2897 665 2960 δέ
697 2904 857 2975 σταμῖνες
888 2891 1077 2979 άρχόμεναι
1107 2895 1265 2959 κάτωθεν
1296 2892 1365 2960 άπὸ

141 3005 209 3065 τῶν
240 3001 393 3083 δρυόχων
424 3001 639 3080 καλουμένων
671 3009 738 3067 τῶν
767 3005 823 3066 ἐπὶ
852 3008 908 3088 τῆς
943 3002 1105 3087 τρόπιδος
1143 3000 1367 3086 ύπαρχόντων

141 3112 197 3170 καὶ
234 3103 418 3187 άνέχουσαι
451 3107 662 3192 ἑκατέρωθεν
696 3115 755 3196 τῆς
794 3112 949 3195 δευτέρας
987 3108 1148 3193 τρόπιδος
1183 3111 1240 3192 τῆς
1270 3108 1366 3184 ἐντὸς

149 3209 257 3277 αῦτῶν
280 3215 368 3278 κατὰ
390 3217 495 3298 μῆκος
518 3223 667 3300 κειμένης
698 3221 838 3281 ποιοῦσι
870 3217 908 3280 τό
941 3223 1056 3290 κοῖτος
1087 3211 1107 3301 ἢ
1137 3214 1196 3300 τὴν
1219 3215 1366 3299 γάστραν

149 3323 206 3402 τῆς
230 3319 308 3396 νεῶς
332 3321 496 3408 καθάπερ
527 3329 661 3396 ἐντοῖς
692 3325 760 3386 τῶν
784 3323 875 3398 ζῶων
899 3325 1067 3397 σκελετοῖς
1091 3321 1128 3384 αἱ
1157 3323 1366 3408 ἑκατέρωθεν

143 3436 426 3510 προσπεφυκυῖαι
448 3437 520 3504 τοῖς
545 3429 749 3511 σφονδύλοις
773 3431 914 3516 πλευραί
938 3429 999 3492 τόν
1021 3427 1232 3510 καλούμενον
1249 3425 1364 3509 ὅλμον.

139 3537 209 3598 Καί
233 3535 369 3618 τοιαύτη
392 3541 452 3614 μὲν
474 3532 495 3618 ἤ
519 3537 577 3618 τῆς
599 3535 682 3612 νεώς
703 3538 865 3622 μεσόδμη·
890 3542 925 3599 ἐν
949 3537 985 3599 δέ
1009 3539 1058 3618 τῷ
1080 3541 1241 3621 προσθίῳ
1266 3533 1368 3620 αὐτῆς

138 3649 244 3723 μέρει,
275 3645 323 3723 τῷ
353 3642 440 3704 κατά
471 3645 533 3726 την
564 3645 722 3728 πρῶραν,
753 3648 824 3708 ἐστί
855 3641 1007 3722 κοίλωμά
1036 3666 1087 3723 τι,
1118 3643 1216 3728 ληνὸς
1245 3641 1365 3706 καλού·

138 3771 255 3828 μενον,
286 3755 323 3810 ἐν
348 3737 375 3830 ᾦ
398 3747 458 3810 τὸν
488 3747 585 3812 ίστὸν
615 3756 684 3812 τῶν
715 3756 918 3837 μικροτέρων
950 3756 1093 3833 σκαφῶν
1124 3750 1278 3823 ἱστάντες
1307 3747 1366 3831 τὴν
1463 3775 1465 3780 ·

141 3860 291 3938 πτέρναν
316 3851 425 3917 αύτοῦ
446 3855 684 3940 έναρμόζουσι,
709 3856 761 3920 διὸ
787 3857 908 3942 κοίλη
937 3854 1005 3922 ῦπό
1031 3861 1095 3920 τοῦ
1118 3856 1263 3940 ποιητοῦ
1285 3860 1365 3917 έπο-
1461 3886 1464 3892 ·

140 3961 336 4040 νομάζεται.
385 3958 561 4025 Ἐντεῦθεν
600 3963 637 4046 δη
676 3963 735 4049 τὴν
773 3970 830 4049 τῆς
869 3963 951 4040 νεῶς
988 3963 1162 4047 μεσόδμην
1201 3958 1367 4044 α’σφαλῶς

137 4067 374 4150 γιγνώσκομεν.
429 4063 522 4131 Αύτά
552 4070 614 4150 γάρ
646 4073 685 4156 δὴ
716 4077 825 4134 ταῦτα
858 4077 893 4134 ἐν
923 4079 995 4146 τοῖς
1028 4066 1202 4154 όμηρικοῖς
1231 4072 1367 4154 χωρίοις

138 4177 219 4260 περί
243 4176 301 4258 τῆς
325 4175 497 4261 μεσόδμης
520 4177 658 4258 λέγεται.
705 4181 860 4261 Πάρεστι
885 4181 919 4242 δὲ
943 4181 995 4242 καὶ
1018 4180 1079 4240 νῦν
1103 4177 1153 4240 έτι
1176 4175 1236 4240 τὸν
1261 4173 1367 4240 αύτόν

231 4356 256 4422 1)
275 4348 324 4408 ὀδ
340 4358 369 4406 Τ.
385 4359 482 4410 37-8.
501 4359 532 4406 Υ.
548 4359 610 4410 354.
649 4356 676 4422 2)
696 4350 746 4424 όριι
761 4357 835 4423 ίπιμ.
851 4374 917 4422 οημ.
932 4354 969 4424 γ’.
1016 4357 1042 4423 3)
1061 4351 1112 4410 Ὁδ.
1128 4361 1158 4411 B.
1174 4359 1236 4409 424.
1259 4358 1289 4406 0.
1304 4357 1364 4404 289.
