3114 4810
785 212 827 276 38

194 385 325 474 τρόπον
348 389 433 452 ἰδεῖν
448 385 624 468 γιγνόμενα
632 391 668 464 1).
704 384 841 450 Λοιπὸν
857 387 893 451 δέ
908 391 967 450 νῦν
981 392 1041 466 μοί
1056 387 1147 450 ἐστιν
1164 381 1432 472 ἀποδεικνύναι,

197 490 240 567 ἀς
262 491 283 578 ἡ
306 497 363 579 τῆς
387 493 469 568 νεοίς
493 491 644 575 μεσόδμη
669 487 710 582 τῇ
732 495 799 556 τοῖν
823 493 1014 576 οίκημάτων
1035 490 1182 579 ἀκριβεῖς
1199 490 1428 578 ἀντιστοιχεῖ.

194 600 303 686 Είπερ
329 593 388 664 οὖν
412 595 489 664 ἀντὶ
513 602 570 684 τῆς
594 603 705 682 στέγης
728 593 798 662 ἀνω
822 596 906 683 όπέρ
929 599 995 684 Ὶτὴν
1018 601 1169 684 κεφαλὴν
1192 601 1232 664 τδ
1257 607 1315 686 της
1339 612 1429 678 νειὸς

196 706 328 790 σκάφος
345 703 623 790 ἀνεστραμμένον
637 711 760 790 νοῆσαι
775 707 1031 791 βουληθείημεν,
1057 703 1143 770 όίστε
1164 707 1203 771 τὸ
1220 714 1281 788 μέν
1297 709 1429 792 κυρτὸν

196 809 304 878 αάτοῦ
328 812 416 896 πρὸς
438 813 499 876 τόν
524 800 680 896 οὐρανόν,
706 812 744 876 τό
770 814 805 876 δέ
828 814 943 876 κοῖλον
967 813 1057 877 κάτω
1082 813 1169 899 πρὸς
1189 814 1228 878 τὸ
1245 809 1314 879 ἀπὸ
1339 816 1428 892 τοὺς

195 920 307 996 πόδας
330 921 458 1002 έδαφος
480 919 628 1000 βλέπειν,
654 914 781 993 εὐθέως
798 915 841 982 ἀν
856 919 988 999 ίδοιμεν
1004 924 1052 995 εἰς
1067 920 1193 1005 ταύτην
1210 921 1270 1005 τὴν
1287 918 1426 1006 ὀροφὴν

197 1023 455 1112 ἀναβλέψαντες
477 1026 536 1111 την
559 1029 622 1104 μὲν
644 1025 815 1108 μεσόδμην
848 1021 945 1088 οὐδέν
970 1023 1053 1090 ἄλλο
1077 1022 1097 1110 ἢ
1122 1026 1181 1110 την
1204 1029 1339 1117 μακράν
1362 1035 1425 1094 καὶ

195 1141 344 1214 παχεῖαν
378 1131 479 1197 δοκὸν
511 1121 628 1212 οὖσαν,
661 1157 679 1215 η
713 1127 780 1194 ἀπὸ
812 1134 875 1195 τοῦ
905 1133 1019 1216 ἑτέρου
1050 1135 1118 1195 τοῖν
1142 1139 1263 1216 τοίχων
1287 1140 1333 1212 εἰς
1359 1138 1426 1203 τὸν

197 1239 314 1326 ἕτερον
338 1239 425 1302 κατά
450 1237 488 1302 τὸ
512 1247 616 1318 μέσον
648 1235 763 1322 διήκει,
780 1243 857 1313 -τδς
880 1238 914 1300 δέ
938 1247 1106 1318 σταμῖνας
1137 1239 1197 1315 τὰς
1219 1249 1425 1330 μικροτέρας

197 1345 326 1428 δοκούς,
351 1335 398 1410 τόν
429 1345 465 1409 αί
493 1344 640 1428 κεφαλαί
671 1346 773 1408 ένθευ
803 1351 864 1424 μὲν
887 1347 944 1410 ἐπὶ
974 1347 1030 1430 τῆς
1052 1345 1231 1431 μεσόδμης,
1257 1351 1359 1414 ἔνθεν
1384 1353 1423 1415 δὲ

196 1457 259 1530 ἐπὶο
290 1457 359 1516 τοῖν
390 1456 511 1534 τοίχων
543 1451 774 1538 στηρίζονται,
813 1451 871 1516 τὸν
911 1453 945 1515 δέ
983 1452 1078 1516 ίστδν
1110 1449 1214 1516 αὐτόν
1253 1451 1323 1520 ἀπό
1362 1463 1419 1542 τῆς

194 1557 365 1641 μεσόδμης
388 1559 435 1633 είς
458 1553 632 1640 τοῦδαφος
655 1562 859 1639 καθειμένον
890 1563 946 1622 καὶ
976 1555 1090 1644 όίσπερ
1115 1565 1212 1623 κίονα
1238 1559 1339 1648 αὐτὴν
1363 1569 1422 1628 καί

196 1661 275 1746 ὅλην
298 1663 357 1748 τὴν
382 1659 513 1750 ὀροφὴν
542 1662 777 1748 δπερείδοντα.
823 1665 1009 1744 Βούλομαι.
1035 1667 1070 1728 δέ
1093 1669 1164 1746 νῦν,
1196 1673 1270 1732 ἐπεὶ
1295 1671 1336 1733 τά
1361 1675 1422 1754 τῆς

195 1771 367 1854 μεσόδμης
390 1767 450 1856 ἤδη
474 1771 640 1856 έξήγημαι,
664 1774 720 1835 καί
751 1772 794 1835 τὰ
818 1780 891 1847 τοῖς
920 1770 1086 1847 παλαιοῖς
1109 1777 1186 1858 περὶ
1210 1771 1310 1859 αὐτῆς
1333 1779 1419 1862 εἰρη-

194 1882 280 1958 μένα
306 1873 350 1941 δι’
375 1874 494 1958 ὀλίγων
516 1882 714 1958 βασανίσαι.
762 1879 907 1943 Πάντων
930 1883 1044 1942 τοίνυν
1076 1883 1144 1942 τοῖν
1168 1886 1224 1963 τῆς
1245 1881 1418 1964 μεσόδμης

195 1987 414 2070 μεμνημένων
439 1979 667 2067 ἀρχαιότατός
689 1992 783 2048 ἐστιν
803 1983 1027 2069 Ἱπποκράτης
1051 1983 1070 2048 o‘
1094 1986 1216 2069 ίατρός,
1248 1983 1285 2059 ός
1306 1994 1343 2048 ἐν
1365 1995 1417 2069 τῷ

195 2095 274 2176 περὶ
299 2085 441 2176 άρθρων
466 2093 547 2176 φησί
571 2096 690 2175 χρῆναι
721 2092 782 2156 τὸν
807 2088 998 2178 ἄνθρωπον
1030 2092 1089 2154 τὸν
1121 2095 1180 2155 τοῦ
1204 2091 1337 2166 σκέλους
1360 2094 1411 2164 έξ·

196 2201 331 2284 αρθρον
363 2202 542 2278 γενόμενον
574 2202 641 2260 τοῖν
679 2201 794 2262 ποδοῖν
826 2199 911 2283 πρὸς
948 2197 1120 2282 μεσόδμην
1153 2197 1316 2282 κρεμάσαι
1345 2207 1412 2276 καί,

154 2304 156 2307 ’
195 2291 282 2394 ᾗπερ
305 2301 494 2389 όφηγεῖται,
527 2305 565 2367 τὸ
590 2309 784 2389 ἐκχωρῆσαν
816 2303 951 2390 άρθρον
981 2308 1201 2368 κατευθῦναι.
1232 2299 1351 2368 Ἔνθεν
1376 2303 1414 2387 δη

195 2410 296 2492 δῆλον
318 2415 471 2492 γίγνεται,
504 2404 556 2472 ότι
585 2409 739 2494 μεσόδμη
770 2415 861 2474 ἐστὶν
892 2408 912 2494 ἡ
935 2411 1059 2496 μεγάλη
1092 2410 1191 2485 δοκὸς
1222 2407 1241 2494 ἦ
1266 2409 1351 2474 κατά
1376 2409 1415 2474 τὸ

195 2520 301 2597 μέσον
332 2518 390 2602 τῆς
423 2511 551 2600 ὀροφῆς
584 2513 797 2600 ὑπάρχουσα,
828 2518 864 2591 ἐξ
895 2507 932 2602 ἧς
964 2515 1008 2582 άν
1040 2542 1089 2592 τις
1122 2517 1244 2604 ῥηιδίως
1269 2522 1417 2596 σχοινίον

195 2621 337 2714 ἐξάψειε
369 2621 425 2685 διὰ
464 2627 531 2685 τοῖν
563 2622 819 2708 διαστημάτων,
859 2621 882 2687 ά
912 2621 1039 2704 μεταξὺ
1068 2629 1133 2688 τῶν
1164 2622 1321 2706 κεφαλῶν
1351 2627 1418 2686 τοῖν

197 2729 305 2793 δοκόν
329 2733 395 2794 τοῖν
419 2724 477 2792 ἐπ’
501 2726 604 2814 αὐτῆς
627 2731 849 2814 ἐρειδομένων
873 2729 1029 2818 ἀπάρχει.
1073 2727 1121 2797 Ἐκ
1145 2729 1206 2815 γάρ
1223 2734 1290 2794 τῶν
1307 2725 1417 2792 ἄλλων

195 2840 402 2921 μικροτέρων
427 2836 533 2898 δοκεῖν
558 2833 712 2915 οόδαμοῑς
743 2845 815 2902 ἐστι
848 2843 999 2920 σχοινίον
1030 2863 1062 2902 τι
1093 2836 1233 2925 ἐξάψαι,
1265 2834 1325 2900 ἅτε
1357 2838 1418 2900 τοῦ

197 2936 329 3024 όρόφου
361 2938 465 3017 εὐθὺς
495 2948 758 3026 ἐφαπτομένου,
790 2937 876 3008 όταν
906 2943 927 3030 ἡ
959 2943 1068 3032 ὀροφὴ
1100 2939 1160 3008 ἐπ’
1191 2939 1330 3018 εὐθείας
1361 2945 1415 3005 καί

196 3048 414 3134 παράλληλος
437 3051 485 3130 τῷ
507 3049 625 3132 ἐδάφει
648 3051 792 3140 τυγχάνῃ
827 3041 924 3115 τόσα.
973 3047 1079 3129 Οἶμαι
1110 3052 1145 3114 δὲ
1167 3051 1295 3134 μηδένα
1321 3043 1416 3130 ἀγνο-

195 3163 256 3232 εῖν,
286 3151 339 3219 ότι
361 3154 467 3235 μόναι
491 3155 707 3220 αἱτοιαῦται
731 3163 799 3220 τοῖν
823 3153 963 3244 όροφῶν
986 3161 1042 3220 καί
1065 3158 1245 3235 μεσοδμοίν
1269 3157 1415 3236 δέονται,

196 3268 266 3325 τοίν
289 3259 430 3348 όψηλοῖν
453 3267 509 3326 καί
531 3264 711 3328 ἐπικλινῶν
737 3260 875 3348 όροφοῖν
904 3272 1024 3350 ἑτέρως
1050 3269 1341 3346 μεμηχανημένων.
1383 3257 1415 3326 Ὁ

199 3370 234 3431 δέ
257 3368 426 3452 Γαληνός,
458 3365 495 3445 ὃς
525 3376 764 3456 πεντακοσίοις
795 3371 945 3449 μάλιστα
977 3373 1086 3434 έτεσιν
1112 3364 1256 3452 ὕστερον
1278 3367 1415 3450 γεγονοίς

195 3470 427 3560 ὑπομνήματα
452 3476 499 3552 είς
524 3477 568 3542 τά
591 3479 718 3542 ἐκείνου
734 3483 907 3562 γέγραφεν,
930 3465 1155 3562 ἐξηγούμενος
1171 3473 1230 3560 την
1244 3474 1414 3560 μεσόδμην

197 3585 300 3668 φησίν
332 3577 437 3666 αὐτὴν
469 3578 558 3647 εἶναι
588 3584 627 3648 τό
659 3591 741 3668 μέγα
774 3585 891 3666 ξύλον,
925 3579 944 3647 ό
976 3577 1046 3646 ἀπὸ
1079 3589 1143 3645 τοῦ
1165 3583 1278 3667 ἑτέρου
1302 3587 1413 3662 τοίχου

196 3686 284 3776 πρὸς
300 3687 360 3752 τὸν
376 3689 491 3774 ἕτερον
507 3690 611 3774 διήκει
627 3694 662 3756 έν
677 3717 713 3756 τε
730 3699 801 3766 τοῖς
817 3693 1029 3772 πανδοχείων
1046 3689 1150 3766 οίκοις
1166 3699 1239 3766 τοῖς
1251 3687 1414 3770 μεγάλοις,

196 3802 233 3859 έν
257 3789 308 3872 οἷς
332 3796 449 3860 ίστοῖσι
472 3795 515 3860 τὰ
540 3799 653 3884 κτηνη,
678 3801 733 3861 καί
758 3796 836 3862 κατ’
860 3794 963 3882 ἀγρὸν
988 3793 1113 3874 ὁμοίως
1136 3800 1171 3860 έν
1194 3805 1266 3871 τοῖς
1289 3817 1413 3877 γεωργι-

196 3911 280 3978 κοῖς.
326 3906 392 3968 Καί
414 3904 521 3967 πάλιν
546 3901 566 3967 ό
589 3900 693 3980 αότός
717 3925 819 3990 φησιν
841 3904 1015 3990 μεσόδμην
1042 3904 1102 3990 τὴν
1125 3899 1213 3969 καθ’
1242 3903 1301 3966 ἕνα
1326 3894 1415 3964 οἶκον

109 4019 111 4024 ’
196 4010 244 4084 είς
275 4009 335 4074 δύο
366 4019 613 4094 μεμερισμένον
643 4017 701 4095 της
732 4013 835 4075 δοκοῦ
872 4006 993 4097 είρξιν,
1034 4005 1106 4078 οἷον
1137 4007 1309 4094 μεσοδμήν
1340 4031 1413 4070 τινα

197 4103 314 4180 οάσαν.
370 4113 501 4182 Οόκουν
531 4123 586 4183 καί
619 4115 638 4183 ό
668 4116 819 4201 Γαληνὸς
847 4117 907 4204 την
937 4123 972 4182 έν
1003 4124 1051 4202 τῷ
1080 4123 1172 4200 μέσῳ
1204 4117 1262 4202 τῆς
1290 4111 1415 4200 ὀροφῆς

288 4348 313 4415 l)
327 4341 392 4419 Ὅρα
411 4349 587 4416 Doederlein,
606 4353 720 4404 Homer.
742 4351 864 4411 Glossar.
892 4371 955 4422 τομ.
977 4357 1002 4404 1.
1024 4351 1078 4406 σελ.
1098 4351 1212 4402 288-4.
1232 4342 1332 4419 ἀριθμ.
1355 4349 1411 4398 357.
