3114 4810
770 165 812 230 56

183 341 292 416 πόδας
314 343 406 406 δ’στιν
430 335 486 403 ὅτε
509 339 656 414 ἐνίζονεο
668 344 704 424 1)·
735 341 772 404 έν
794 338 856 424 γάρ
889 341 937 423 τῷ
964 339 1107 422 τοιούτῳ
1131 334 1257 425 ἀνάγκη
1281 331 1403 426 ούκῖγν

182 450 408 531 γυμνοῦσθαι.
447 443 580 531 Ἕτεροι
604 447 637 510 δέ
660 444 740 520 τοῦς
762 445 927 529 λουτῆρας
950 441 1009 512 οῦκ
1032 446 1069 510 έν
1092 447 1133 536 τη”
1148 448 1404 528 γυναικωνίτιδι,

183 549 253 620 ἀλλ’
276 557 315 618 ἒν
337 575 404 617 τινι
426 557 492 616 τῶν
515 551 686 632 θαλάμων
717 555 778 616 τοῦ
800 552 978 636 προδόμου
1008 557 1149 616 κεῖσθαι
1171 552 1403 637 βούλονταιῖ).

178 657 320 746 Ὁμήρου
344 659 381 724 δέ
404 655 500 723 ούδδν
522 659 559 723 έν
581 667 655 732 τοῖς
685 659 874 743 ποιήμασιν
905 658 1085 746 εἰρηκότος,
1117 655 1162 734 ἀς
1191 661 1289 723 δνδον
1312 656 1332 744 ἤ
1354 683 1405 740 γυ-

183 773 374 840 ναικωνῖτις
404 763 674 846 κατεσκεύαστο,
714 760 837 848 ἀνάγκη
870 762 941 830 ἀπδ
972 769 1028 850 τῆς
1065 763 1304 852 ἀνδρωνίτιδος
1334 761 1407 830 κατ’

184 871 371 955 ἀναλογίαν
401 871 446 934 τὰ
476 876 555 954 περὶ·
584 871 707 936 τούτου
730 867 940 946 εἰκάζεσθαι.
983 869 1183 954 Ἡγούμενος
1205 876 1323 936 τοίνυν
1346 872 1408 956 τη“ν

182 985 413 1064 γυναικωνῖτιν
443 979 603 1064 δευτέραν
640 975 730 1042 εἶναι
761 982 818 1061 τῆς
850 973 1087 1064 ἀνδρωνίτιδος
1120 978 1159 1043 τδ
1190 983 1334 1060 μέγεθος
1366 973 1407 1042 ού

184 1086 321 1160 πλείους
343 1089 410 1150 τοῖν
438 1083 616 1169 τεσσάρων
645 1083 766 1150 κιόνων
796 1090 832 1149 έν
864 1080 949 1174 αῦτη]
964 1061 1113 1171 τίθημι,
1145 1073 1190 1148 ἀν
1214 1072 1258 1149 αά
1282 1083 1405 1150 σύνδυο

184 1193 347 1277 ἑκατέραν
361 1197 429 1256 τοῖν
446 1192 626 1274 μεσοδμτῦν
642 1186 830 1273 ἀνέχουσιν,
855 1187 971 1277 οἵσπερ
987 1195 1045 1255 καί
1067 1197 1104 1254 ἐν
1124 1196 1165 1280 τῇ
1181 1187 1405 1276 ἀνδρωνίτιδι.

717 1362 864 1444 ’Υπερῷοα

270 1489 347 1558 Ἀπδ
373 1495 410 1558 δέ
432 1496 490 1579 τῆς
512 1494 783 1577 γυναικωνίτιδος
807 1497 902 1577 φέρει
926 1489 995 1556 ἀνω
1012 1492 1136 1576 κλίμαξ
1157 1496 1214 1558 ἐπί
1236 1499 1408 1579 μετέωρον

185 1601 326 1687 οίκημα,
359 1595 378 1664 δ
406 1597 563 1688 ῦπερηῖου
593 1599 755 1666 καλεῖται.
805 1604 994 1684 Τοιγαροῦν
1025 1600 1145 1681 συχνόν
1175 1597 1194 1685 ἡ
1225 1599 1406 1686 Πηνελόπη

124 1749 132 1764 ·
184 1713 371 1792 πεποίηται
395 1711 654 1788 καταβαίνουσα
679 1708 715 1780 ἐξ
739 1703 846 1770 αύτοῦ
868 1709 923 1770 καί
947 1706 1052 1772 πάλιν
1073 1703 1307 1788 ἀναβαίνουσα
1339 1707 1407 1772 εἴτε

184 1815 270 1900 μόνη
301 1814 369 1878 είτε
399 1813 486 1894 μετὰ
516 1816 583 1876 τῶν
617 1808 823 1894 ἀμφιπόλων
860 1814 1023 1893 γυναικοῖν
1034 1819 1070 1895 3).
1119 1819 1283 1878 Φαίνεται
1322 1815 1358 1877 δέ
1386 1810 1407 1897 η

184 1922 309 2002 κλίμαξ
331 1923 473 1984 κεῖσθαι
503 1918 591 1984 κατά
624 1918 683 2003 την
713 1920 830 2006 ἑτέραν
860 1925 928 1983 τοῦν
957 1925 1085 2002 γωνιῶν
1107 1925 1167 1984 τοῦ
1190 1924 1322 2000 τοίχου,
1344 1915 1404 2000 ἐφ’

186 2017 227 2093 οῦ
250 2025 269 2114 ἦ
292 2026 386 2114 κοινοὶ
416 2024 512 2112 θύρα
542 2014 625 2110 ἦνῆ
658 2023 787 2108 ἀγυυσα
818 2027 866 2102 είς
897 2027 956 2112 την
987 2022 1196 2110 ἀνδρωνῖτιν.
1245 2028 1309 2110 Τῆς
1340 2023 1403 2110 γὰρ

184 2133 383 2221 Πηνελόπης
406 2133 441 2196 έν
472 2137 520 2216 τῷ
549 2129 692 2218 ύπερῴφ
723 2138 929 2218 κοιμωμένης
957 2137 1014 2198 καί
1043 2134 1097 2220 τὴς
1128 2133 1246 2208 νυκτὸς
1273 2139 1405 2215 ἐπεγερ-

185 2245 303 2326 θείσης
325 2244 382 2304 καί
405 2245 595 2325 καθημένης
618 2241 674 2302 έπί
697 2245 755 2323 τῆς
777 2240 889 2325 κλίνης
910 2243 966 2304 καί
989 2240 1192 2326 θρηνούσης,
1220 2241 1281 2314 ἕως
1304 2234 1407 2324 ἡμέρα

184 2345 355 2432 ύπεφάνη,
374 2342 560 2426 Ὀδυσσεὺς,
585 2341 621 2422 δς
643 2351 678 2409 έν
701 2351 750 2429 τῴ
774 2347 937 2431 προδόμῳ
954 2346 1130 2429 ἐκάθευδε,
1153 2346 1227 2434 πρῴ
1254 2343 1408 2422 ἀναστὰς

183 2449 354 2546 ᾔσθετοίγ.
401 2455 466 2516 Καί
489 2456 551 2518 τοῦ
582 2448 705 2518 ἀοιδοῦ
731 2459 865 2538 Φημίου
898 2450 1042 2534 ᾄδοντος
1072 2455 1107 2517 έν
1129 2458 1169 2544 ιη’
1192 2450 1409 2538 ἀνδρωνίτιδι

184 2558 205 2646 ἦ
229 2557 409 2646 Πηνελόπη
440 2564 474 2622 ἐκ
505 2564 567 2623 τοῦ
597 2555 753 2645 ύπερηίου
788 2555 952 2641 ἀκούειῦ).
989 2556 1059 2624 Ἵνα
1084 2552 1145 2626 οῦν
1168 2558 1188 2645 ἦ
1215 2565 1276 2642 μίν
1303 2549 1410 2638 Πηνε-ι

185 2666 273 2753 λόπη
291 2662 425 2731 ἀνωθεν
441 2672 476 2730 έν
491 2668 552 2730 τοῦ
567 2662 723 2751 ύπερηέου
739 2669 807 2730 τῶν
822 2667 856 2731 έν
872 2671 911 2758 τῇ
928 2663 1137 2753 ἀνδρωνίτιδι
1152 2670 1365 2750 γιγνομένων,
1390 2661 1409 2730 δ

186 2776 220 2840 δέ
242 2768 417 2848 Ὀδυσσέος
449 2769 606 2836 κάτωθεν
635 2778 671 2836 ἐκ
701 2775 764 2837 τοῦ
794 2773 971 2858 προδόμου
1001 2779 1069 2840 ταῖν
1107 2775 1143 2839 έν
1179 2779 1228 2862 τῷ
1261 2770 1407 2856 ῦπερῴιρ

185 2879 322 2966 θρήνων
344 2881 402 2963 τῆς
424 2877 580 2962 γυναικὸς
610 2873 747 2943 ἀκούειν
770 2878 926 2963 δύναιτο,
957 2882 1076 2966 δῆλον,
1108 2876 1221 2964 οἶμαι,
1252 2876 1305 2944 ότι
1327 2875 1348 2963 ἦ
1371 2902 1408 2942 τε

185 2987 309 3068 κλίμαξ
329 2990 387 3050 καί
408 2983 447 3050 τὸ
481 2985 593 3067 στόμα
624 2991 681 3071 τῆς
712 2993 947 3074 καταρρακτης
970 2990 1094 3076 θύρας,
1127 2984 1175 3055 δι’
1205 2979 1245 3052 οῦ
1267 2983 1289 3070 ᾖ
1312 2985 1405 3070 φωνὴ

185 3094 356 3180 διήρχετο,
395 3090 440 3169 ἀς
472 3087 546 3157 οἶόν
577 3117 613 3156 τε
642 3095 805 3175 ἐγγύτατα
836 3096 879 3184 τῇ
910 3089 1123 3180 ἀνδρωνίτιδι
1149 3083 1198 3180 ἧν.
1237 3089 1347 3158 ’Ἐοικε
1371 3093 1403 3156 δέ

184 3200 361 3280 πολλαχοῦ
383 3201 439 3264 καί
467 3197 558 3284 η“είς
588 3198 648 3283 την
680 3195 881 3284 ἀνδρωνῖτιν
910 3201 1044 3277 εἴσοδος
1073 3201 1161 3279 μετὰ
1191 3199 1250 3285 τὴν
1279 3202 1315 3264 ἐκ
1346 3202 1408 3264 τοῦ

184 3303 341 3393 ύπερηίου
365 3305 422 3372 διὰ
445 3311 503 3391 τῆς
526 3304 686 3385 κλίμακος
709 3305 903 3387 κατάβασιν
934 3305 1039 3383 εύθῦς
1066 3311 1256 3390 γίγνεσθαι,
1296 3303 1408 3392 ὥςπερ

185 3418 242 3478 καί
264 3408 508 3492 τούναντίονθ).
551 3405 645 3476 ’Ἐστι
675 3414 711 3476 δέ
734 3413 773 3478 τδ
806 3412 961 3502 ῦπερηῖον
991 3415 1163 3494 δωμάτιον
1186 3416 1225 3505 τῇ
1248 3437 1408 3497 γυναικω·

186 3523 286 3587 νίτιδι
314 3517 508 3602 παρόμοιον
531 3514 551 3605 ἢ
575 3515 689 3604 οἵσπερ
715 3515 758 3584 ἀν
780 3545 830 3596 τις
855 3519 963 3598 άλλως
978 3523 1085 3603 εἴποι,
1117 3526 1272 3603 συνέχεια
1296 3516 1408 3604 αὐτῆς.

186 3623 376 3696 Κάνταῦθα
400 3625 461 3711 γάρ
486 3634 639 3708 γυναῖκες
654 3628 825 3718 διητοῦντο,
850 3623 888 3694 ού
910 3628 976 3714 μὴν
998 3635 1121 3710 πᾶσαι,
1145 3624 1225 3693 ἀλλ’
1249 3623 1348 3692 αύταί
1371 3625 1409 3690 αί

185 3738 246 3800 τοῦ
269 3734 362 3800 οἶίιου
394 3731 494 3821 κόραι
525 3737 581 3797 καί
614 3733 649 3798 αἱ
681 3736 868 3799 δέσποιναι.
910 3731 963 3799 Ἔν
994 3730 1087 3820 αύτῷ
1117 3740 1194 3819 γοῦν
1226 3737 1363 3826 διητᾶτο
1388 3728 1408 3820 ἧ

185 3880 397 3892 —---—-

275 3952 303 4016 1)
318 3943 371 4002 ’οδ.
394 3951 423 3999 Τ.
446 3950 559 4000 386-9.
619 3948 646 4015 2)
665 3944 716 4021 όρα
730 3952 841 4016 Rumpf,
863 3951 895 4002 de
909 3951 970 4002 aed.
985 3952 1066 4006 Hom.
1083 3955 1107 4017 1,
1127 3949 1181 4005 σελ.
1203 3953 1247 4003 27.
1285 3950 1408 4014 Νἱέτεείι,

184 4037 264 4091 Anm.
287 4042 312 4092 1.
333 4036 387 4090 σει.
408 4040 471 4090 236.
508 4039 575 4090 εκεῖ
599 4035 630 4090 ἐν
654 4030 706 4090 ὀσ.
726 4040 756 4090 Δ.
776 4041 821 4090 48.
878 4040 906 4104 3)
925 4033 977 4092 ὀε
997 4041 1028 4090 Α.
1048 4043 1179 4092 328—31.
1201 4041 1262 4092 εει.
1290 4041 1321 4090 A.
1343 4041 1405 4100 εει,

186 4128 246 4178 τεο.
267 4129 299 4179 π.
322 4128 384 4178 ιιυ.
404 4129 439 4178 Σ.
460 4129 575 4190 τοο-ι,
597 4129 711 4178 κου-ο.
733 4129 763 4178 ε.
784 4129 899 4180 εοο-ε.
919 4133 985 4199 προ.
1006 4126 1132 4183 εοεαε.
1153 4128 1183 4181 ιι
1198 4123 1251 4182 οε.
1271 4129 1304 4179 A.
1326 4129 1405 4190 1420,

185 4218 230 4268 οε.
285 4213 313 4280 ι)
332 4211 384 4264 οε.
408 4218 441 4264 ν.
462 4218 577 4269 ετ-οο.
633 4212 735 4285 εγοι.
755 4216 787 4266 Α.
810 4217 870 4269 328.
927 4215 1026 4283 εγυε.
1048 4220 1079 4270 A.
1101 4219 1216 4270 τεο-ι.
1235 4220 1268 4271 2.
1291 4218 1406 4269 εοε-ε.

184 4308 248 4376 πρβ.
270 4305 321 4354 302
341 4301 387 4352 καί
407 4305 435 4352 Τ.
458 4305 572 4354 600-1.
