3114 4810
572 225 838 342 ‘''12

727 465 816 537 ωας
834 435 914 545 Q.

299 601 364 663 Καί
387 599 466 681 περὶ
488 601 552 676 μὲν
582 599 640 680 τῆς
672 589 774 679 αὐλῆς
805 592 960 658 καθόλου
984 598 1198 678 προείρηται·
1228 597 1288 657 νῦν
1317 589 1351 654 δὲ
1374 586 1434 653 διά

208 704 321 792 πάσης
346 700 521 790 ἀκριβείας
544 705 622 788 περί
654 697 755 786 αὐτῆς
778 700 957 786 εἰρήσεται.
1003 697 1109 786 Αὐλης
1140 688 1198 764 οὐν
1227 703 1311 784 μέρη
1342 699 1435 780 προῦ-

206 836 267 876 τον
304 816 367 894 μὲν
406 805 425 876 ῦ
456 809 656 896 περίβολος,
695 801 768 872 ελτα
806 807 845 872 τὸ
882 813 1090 895 περίστωον,
1128 805 1216 886 μετά
1254 807 1291 868 δὲ
1328 807 1434 866 τοῦτο

209 913 382 1000 τοῦδαφος
420 922 476 982 καί
506 915 550 980 τὰ
581 922 617 980 ἐν
647 909 729 1006 αὐτῇ
760 913 934 998 οἰκήματα.

761 1087 866 1166 Ἕριος.

294 1217 335 1283 ‘¹0
358 1240 392 1300 γε
414 1216 481 1302 μην
503 1221 570 1280 τῶν
594 1212 793 1301 ἀνακτόρων
823 1214 1004 1301 περίβολος
1035 1219 1195 1298 φαίνεται
1224 1214 1437 1299 τετραγώνου

209 1321 320 1413 ὐρθοῦ
343 1328 398 1388 καί
422 1324 607 1408 λπιμήκους
631 1329 742 1408 σχῆμα
766 1326 861 1404 ἔχων,
883 1320 998 1405 δίσπερ
1016 1321 1117 1407 δῆλον
1131 1327 1275 1404 γίγνεται
1291 1321 1327 1394 ἐξ
1342 1307 1389 1382 οῦν
1414 1313 1435 1381 δ

210 1434 454 1519 ποιητηςπερί
477 1433 545 1495 τοῖν
568 1436 689 1511 τοίχων
712 1432 770 1514 τῆς
791 1425 936 1512 Ἀλκίνου
961 1425 1064 1515 οὐλῆς
1087 1428 1196 1514 είρηκε

417 1607 533 1680 χάλκεοι
551 1609 605 1679 μίν
623 1606 680 1680 γάρ
700 1613 788 1678 τοῖχοι
806 1601 940 1674 ἐληλέδατ’
960 1605 1031 1662 ἔνθα
1051 1608 1098 1661 κοί
1116 1606 1197 1671 ἔνθα,

418 1701 444 1758 ec
462 1696 559 1769 μυχόν
579 1701 608 1759 ἐξ
627 1693 716 1758 οὐδοῦ,
738 1699 800 1770 περί
817 1696 846 1750 δὲ
866 1695 982 1768 θριγκὸς
1001 1692 1121 1750 κυάνοιο.
1132 1697 1152 1764 ¹)

210 1857 253 1923 ol
277 1847 338 1922 οὐν
360 1860 449 1924 ἔνθα
474 1863 531 1922 καί
555 1859 643 1922 ίνθα
667 1863 701 1930 ἐς
723 1855 830 1936 μυχόν
861 1859 897 1931 ἐξ
926 1853 1027 1921 οὐδοῦ
1050 1855 1218 1941 διήκοντες
1240 1862 1350 1936 τοῖχοι
1374 1847 1436 1918 οὐκ

207 1959 252 2030 ἀν
275 1958 370 2030 ἄλλοι
400 1958 472 2028 ελεν
502 1959 522 2050 ἢ
554 1965 586 2028 οἱ
608 1967 821 2048 ἑκατέρωθεν
853 1961 1002 2046 πλάγιοι,
1035 1963 1133 2048 οἵπερ
1166 1959 1237 2026 ἀπδ
1261 1967 1322 2026 τοῦ
1344 1958 1435 2024 κατὰ

204 2071 268 2156 την,
289 2068 371 2136 όδδν
395 2074 513 2151 τοίχου
530 2066 713 2154 ἀρχόμενοι
730 2070 778 2149 (ἐξ
793 2067 909 2156 οὐδοῦ)
935 2070 984 2146 είς
1005 2075 1110 2155 μῆκος
1125 2072 1181 2134 καί
1197 2067 1434 2155 παραλλήλους,

205 2173 321 2264 ὥσπερ
346 2178 462 2262 σκέλη,
493 2181 589 2262 μέχρι
619 2176 705 2262 πρὸς
731 2176 790 2241 τὸν
821 2178 936 2264 ἕτερον
967 2180 1025 2243 καί
1057 2172 1288 2256 ἀντικείμενον
1312 2179 1369 2238 καί
1391 2172 1432 2238 τῦ

205 2290 308 2372 πέρας
331 2288 389 2370 τῆς
414 2284 523 2358 οίκίας
546 2286 714 2348 ποιοῦντα
741 2286 788 2365 (ἐς
807 2285 928 2369 μυχόν)
954 2287 1212 2348 καθικνοῦνται·
1238 2281 1276 2348 τὸ
1292 2284 1431 2365 μὲνγὰρ

77 2446 81 2457 .
204 2393 315 2457 ίνθα
338 2396 409 2456 καί
432 2393 539 2455 ἔνθα
561 2388 607 2454 τὸ
630 2388 864 2476 παράλληλον,
892 2391 932 2456 τὸ
958 2391 993 2454 δὲ
1016 2391 1057 2465 ίς
1079 2389 1211 2472 μυχδν
1234 2389 1277 2463 ἐξ
1300 2383 1432 2452 οὐδοῦ

203 2498 242 2564 τὸ
267 2493 338 2562 ἀπὸ
362 2502 421 2560 τοῦ
444 2495 519 2571 ἐνὸς
541 2499 691 2582 πέρατος
713 2500 810 2583 μέχρι
832 2502 894 2560 τοῦ
916 2501 1031 2582 ίτίρου
1054 2501 1157 2581 μῆκος
1178 2492 1291 2560 αὐτῶν
1312 2498 1431 2578 σαφοῦς

203 2603 332 2690 μηνύει.
379 2601 472 2689 Πρὸς
496 2604 531 2666 δὲ
555 2606 612 2666 καὶ
634 2599 655 2687 ἦ
678 2606 739 2668 τοῦ
761 2607 904 2688 θριγκοῦ
929 2599 1037 2668 αὐτοῦ
1069 2603 1240 2683 διάδοσις,
1264 2605 1364 2686 περὶ
1387 2600 1430 2664 δὲ
1554 2687 1555 2712 γ

203 2708 404 2794 θριγκός,
427 2704 523 2773 τοῦθ’
547 2706 778 2775 ὐποδείκνυσι.
821 2715 878 2794 Τῷ
900 2711 962 2796 γὰρ
977 2710 1071 2785 ἐκτὸς
1093 2713 1152 2774 καί
1168 2708 1256 2774 κατά
1271 2712 1433 2789 μέτωπον

203 2823 261 2903 τῆς
285 2821 393 2890 οἰκίας
415 2819 536 2880 ἑστιῦτι
555 2812 709 2881 Ὀδυσσεῖ
730 2819 788 2880 καί
809 2817 868 2903 τὴν
895 2819 953 2902 τη”ς
976 2821 1183 2906 προσόψεως
1206 2815 1431 2902 λαμπρότητα

204 2923 421 3006 θαυμάζοντι
450 2922 510 2986 τὸν
539 2926 602 3002 μίν
631 2925 693 2988 τοῦ
723 2928 898 3010 προσθίου
930 2947 967 3013 τε
998 2929 1055 2989 καί
1080 2920 1173 3008 αὐτῷ
1200 2923 1431 3002 ἀποκειμένου

203 3035 319 3112 τοίχου
337 3028 475 3115 θριγκὸν
490 3028 599 3114 πολλὴ
625 3025 749 3114 ἀνάγκη
773 3034 831 3096 ἐπὶ
853 3035 937 3114 μίαν
961 3027 1105 3096 εὐθεῖαν
1121 3035 1325 3115 φαίνεσθαι,
1349 3023 1367 3092 ὃ
1391 3027 1430 3110 δὴ

206 3133 245 3204 οὐ
276 3138 427 3219 λέγεται,
465 3135 525 3200 τόν
557 3137 594 3200 δὲ
624 3141 691 3201 τῶν
722 3138 872 3218 πλαγίων
903 3143 1043 3220 τοίχων,
1082 3143 1205 3223 καίπερ
1236 3131 1340 3200 εὐθῦν
1371 3134 1430 3194 καί

205 3249 326 3310 τοῦτον
351 3239 450 3324 ὄντα,
481 3249 651 3329 περιφερῆ
681 3268 754 3319 πως
783 3239 872 3308 εἶναι
904 3245 1027 3310 δοκεῖν·
1060 3249 1168 3308 ταῦτα
1192 3243 1254 3328 γὰρ
1274 3237 1430 3326 Ὅμηρος,

114 3347 119 3364 '
209 3346 324 3434 ίίσπερ
348 3355 405 3415 καλ
428 3348 472 3413 τά
504 3347 642 3424 τούτοις
665 3349 815 3438 ἑπόμενα
846 3353 893 3426 είς
924 3350 985 3416 τδν
1015 3350 1109 3424 ἐκτός
1131 3354 1188 3414 καλ
1212 3345 1271 3413 οὐκ
1295 3348 1430 3431 ίγγιίτα·

205 3456 249 3522 τά
281 3480 334 3520 πω
368 3455 553 3536 ἱστάμενον
580 3452 740 3522 Ὀδυσσέα
773 3452 976 3544 ἀποβλέψας
1003 3462 1207 3543 ε’ποίησενῖ).
1265 3461 1430 3524 Τοιοῦτον

206 3553 268 3628 οὐν
284 3568 397 3648 σχῆμα
413 3567 471 3646 τῆς
483 3557 626 3628 Ἀλκίνου
643 3559 745 3649 αὐλῆς
761 3564 897 3648 ίχούσης
914 3561 1020 3646 οὐδέν,
1038 3559 1144 3644 οἶμαι,
1160 3565 1282 3632 κωλόει
1298 3567 1354 3628 καί
1369 3563 1430 3639 τὰς

205 3680 274 3736 τοῖν
291 3667 403 3734 ἀλλων
419 3664 616 3755 ἀνακτόρων
633 3666 741 3746 αὐλάς
758 3666 883 3753 ὁμοίως
900 3667 984 3762 αὐτῇ
1008 3667 1265 3756 ηίκοδομῆσθαι.
1302 3668 1430 3757 Ὥσπερ
1550 3735 1551 3744 ,

202 3777 266 3862 γὰρ
283 3780 340 3840 καί
356 3783 393 3839 δν
410 3773 526 3851 ἀλλοις
542 3777 673 3854 πολλὰς
690 3773 894 3862 ὁμοιότητας
910 3774 1134 3863 ὐπαρχούσας
1150 3775 1269 3853 αὐτοῖς
1286 3774 1430 3863 δρῶμεν,

204 3882 292 3959 είκός
314 3886 371 3946 καί
394 3887 430 3946 ἐν
453 3882 574 3967 τούτῳ,
600 3879 618 3948 δ’
641 3882 756 3949 κοινὸν
781 3881 895 3949 άπασι
918 3875 1088 3968 τυγχάνει,
1111 3885 1157 3971 μη
1181 3881 1333 3968 ἀλλήλων
1357 3885 1431 3947 δια-

205 3999 328 4075 φέρειν.
371 3985 405 4052 ‘O
430 3990 465 4053 δὲ
487 3990 668 4075 περίβολος
699 3999 767 4055 τοῖν
798 3997 920 4055 κοινοῦν
950 3996 1006 4056 καί
1037 3998 1285 4076 ταπεινοτέρων
1316 3991 1431 4054 οίκιιῦν
1549 3983 1550 3990 ³

203 4095 308 4178 κύκλῳ
346 4096 478 4175 μάλλον
507 4089 528 4180 ἢ
561 4097 755 4183 τετραγώνῳ
794 4101 912 4163 ἔοικεν.
962 4097 1002 4162 Ἡ
1028 4100 1090 4186 γὰρ
1128 4101 1190 4162 τοῦ
1228 4101 1430 4178 ποιμενικοῦ
1464 4170 1467 4176 1
1548 4163 1549 4182 η

205 4205 367 4283 σταθμοῦ
391 4207 454 4266 τοῦ
469 4199 626 4285 Εὐμαίου
644 4199 727 4287 αὐλὴ
746 4200 805 4268 οὐκ
824 4202 877 4287 ἀν,
899 4200 1006 4287 οἶμαι,
1023 4207 1227 4291 περίδρομος
1242 4209 1289 4289 τῴ
1305 4206 1430 4293 ποιητῇ

294 4418 320 4484 1)
338 4409 389 4468 ¹00².
411 4417 443 4466 H.
466 4418 561 4468 εο-τ.
671 4415 700 4489 ε)
718 4410 767 4472 ὀα
791 4421 823 4472 ιι.
845 4422 888 4472 83.
