<?xml version="1.0" encoding="UTF-8"?>
<!DOCTYPE html PUBLIC "-//W3C//DTD XHTML 1.0 Transitional//EN"
    "http://www.w3.org/TR/xhtml1/DTD/xhtml1-transitional.dtd">
<html xmlns="http://www.w3.org/1999/xhtml" xml:lang="en" lang="en">
 <head>
  <title>
</title>
<meta http-equiv="Content-Type" content="text/html;charset=utf-8" />
  <meta name='ocr-system' content='tesseract 3.04.00' />
  <meta name='ocr-capabilities' content='ocr_page ocr_carea ocr_par ocr_line ocrx_word'/>
</head>
<body>
  <div class='ocr_page' id='page_1' title='image "./deaedibushomeri00prgoog_0042.png"; bbox 0 0 3114 4810; ppageno 0'>
   <div class='ocr_carea' id='block_1_1' title="bbox 716 220 757 284">
    <p class='ocr_par' dir='ltr' id='par_1_1' title="bbox 716 220 757 284">
     <span class='ocr_line' id='line_1_1' title="bbox 716 220 757 284; baseline 0.049 -2"><span class='ocrx_word' id='word_1_1' title='bbox 716 220 757 284; x_wconf 83' lang='lat'><strong><em>35</em></strong></span> 
     </span>
    </p>
   </div>
   <div class='ocr_carea' id='block_1_2' title="bbox 121 386 1348 694">
    <p class='ocr_par' dir='ltr' id='par_1_2' title="bbox 121 386 1348 694">
     <span class='ocr_line' id='line_1_2' title="bbox 123 386 1346 483; baseline 0.002 -25"><span class='ocrx_word' id='word_1_2' title='bbox 123 392 222 476; x_wconf 84' lang='grc' dir='ltr'><strong><em>παρά</em></strong></span> <span class='ocrx_word' id='word_1_3' title='bbox 246 397 287 483; x_wconf 79' lang='grc' dir='ltr'><strong><em>τῆ</em></strong></span> <span class='ocrx_word' id='word_1_4' title='bbox 312 386 395 483; x_wconf 76' lang='grc' dir='ltr'><strong><em>αὐτῆ</em></strong></span> <span class='ocrx_word' id='word_1_5' title='bbox 419 392 566 482; x_wconf 79' lang='grc' dir='ltr'><strong><em>τραπέζη</em></strong></span> <span class='ocrx_word' id='word_1_6' title='bbox 590 393 804 474; x_wconf 69' lang='grc' dir='ltr'><strong><em>ἐκαθίζοντο,</em></strong></span> <span class='ocrx_word' id='word_1_7' title='bbox 828 396 978 458; x_wconf 78' lang='grc' dir='ltr'><strong><em>ἐναντίοι</em></strong></span> <span class='ocrx_word' id='word_1_8' title='bbox 994 393 1030 456; x_wconf 82' lang='grc' dir='ltr'><strong><em>δὲ</em></strong></span> <span class='ocrx_word' id='word_1_9' title='bbox 1046 387 1206 478; x_wconf 78' lang='grc' dir='ltr'><strong><em>α’λλήλιον.</em></strong></span> <span class='ocrx_word' id='word_1_10' title='bbox 1248 392 1346 460; x_wconf 68' lang='lat' dir='ltr'><strong><em>(ww</em></strong></span> 
     </span>
     <span class='ocr_line' id='line_1_3' title="bbox 123 496 1346 587; baseline 0.001 -23"><span class='ocrx_word' id='word_1_11' title='bbox 123 500 163 585; x_wconf 85' lang='grc' dir='ltr'><strong><em>δή</em></strong></span> <span class='ocrx_word' id='word_1_12' title='bbox 194 496 349 580; x_wconf 78' lang='grc' dir='ltr'><strong><em>Εάμαιος</em></strong></span> <span class='ocrx_word' id='word_1_13' title='bbox 380 499 494 577; x_wconf 79' lang='grc' dir='ltr'><strong><em>λαβών</em></strong></span> <span class='ocrx_word' id='word_1_14' title='bbox 524 499 583 562; x_wconf 85' lang='grc' dir='ltr'><strong><em>τὸν</em></strong></span> <span class='ocrx_word' id='word_1_15' title='bbox 622 500 684 564; x_wconf 78' lang='grc' dir='ltr'><strong><em>τοῦ</em></strong></span> <span class='ocrx_word' id='word_1_16' title='bbox 716 501 857 584; x_wconf 84' lang='grc' dir='ltr'><strong><em>δαιτροῠ</em></strong></span> <span class='ocrx_word' id='word_1_17' title='bbox 894 501 1017 584; x_wconf 83' lang='grc' dir='ltr'><strong><em>δίφρον</em></strong></span> <span class='ocrx_word' id='word_1_18' title='bbox 1055 505 1212 564; x_wconf 83' lang='grc' dir='ltr'><strong><em>ἐναντίον</em></strong></span> <span class='ocrx_word' id='word_1_19' title='bbox 1245 501 1346 587; x_wconf 84' lang='grc' dir='ltr'><strong><em>Τηλε-</em></strong></span> 
     </span>
     <span class='ocr_line' id='line_1_4' title="bbox 121 602 1348 694; baseline 0.002 -24"><span class='ocrx_word' id='word_1_20' title='bbox 121 606 234 692; x_wconf 84' lang='grc' dir='ltr'><strong><em>μάχου</em></strong></span> <span class='ocrx_word' id='word_1_21' title='bbox 263 607 442 681; x_wconf 71' lang='grc' dir='ltr'><strong><em>καθίζεται</em></strong></span> <span class='ocrx_word' id='word_1_22' title='bbox 472 608 527 668; x_wconf 83' lang='grc' dir='ltr'><strong><em>καί</em></strong></span> <span class='ocrx_word' id='word_1_23' title='bbox 554 605 760 684; x_wconf 79' lang='grc' dir='ltr'><strong><em>Μελανθεὺς</em></strong></span> <span class='ocrx_word' id='word_1_24' title='bbox 790 613 945 672; x_wconf 75' lang='grc' dir='ltr'><strong><em>ἐναντίον</em></strong></span> <span class='ocrx_word' id='word_1_25' title='bbox 975 602 1178 691; x_wconf 70' lang='grc' dir='ltr'><strong><em>Εὐρυμάχου</em></strong></span> <span class='ocrx_word' id='word_1_26' title='bbox 1189 609 1229 694; x_wconf 89' lang='lat'><strong><em>¹).</em></strong></span> <span class='ocrx_word' id='word_1_27' title='bbox 1277 607 1348 674; x_wconf 87' lang='grc' dir='ltr'><strong><em>Τδν</em></strong></span> 
     </span>
    </p>
   </div>
   <div class='ocr_carea' id='block_1_3' title="bbox 123 709 1509 797">
    <p class='ocr_par' dir='ltr' id='par_1_3' title="bbox 123 709 1509 797">
     <span class='ocr_line' id='line_1_5' title="bbox 123 709 1509 797; baseline 0.002 -21"><span class='ocrx_word' id='word_1_28' title='bbox 123 709 228 778; x_wconf 78' lang='grc' dir='ltr'><strong><em>αὐτὸν</em></strong></span> <span class='ocrx_word' id='word_1_29' title='bbox 259 714 296 776; x_wconf 86' lang='grc' dir='ltr'><strong><em>δέ</em></strong></span> <span class='ocrx_word' id='word_1_30' title='bbox 327 711 456 797; x_wconf 87' lang='grc' dir='ltr'><strong><em>τρόπον</em></strong></span> <span class='ocrx_word' id='word_1_31' title='bbox 487 715 544 774; x_wconf 81' lang='grc' dir='ltr'><strong><em>καί</em></strong></span> <span class='ocrx_word' id='word_1_32' title='bbox 576 716 635 776; x_wconf 80' lang='grc' dir='ltr'><strong><em>νῦν</em></strong></span> <span class='ocrx_word' id='word_1_33' title='bbox 666 713 716 790; x_wconf 79' lang='grc' dir='ltr'><strong><em>ἐτι</em></strong></span> <span class='ocrx_word' id='word_1_34' title='bbox 746 713 783 776; x_wconf 89' lang='grc' dir='ltr'><strong><em>ἐν</em></strong></span> <span class='ocrx_word' id='word_1_35' title='bbox 814 717 889 788; x_wconf 82' lang='grc' dir='ltr'><strong><em>ταῖς</em></strong></span> <span class='ocrx_word' id='word_1_36' title='bbox 913 712 1027 797; x_wconf 79' lang='grc' dir='ltr'><strong><em>νήσοις</em></strong></span> <span class='ocrx_word' id='word_1_37' title='bbox 1057 717 1119 776; x_wconf 83' lang='grc' dir='ltr'><strong><em>τοῦ</em></strong></span> <span class='ocrx_word' id='word_1_38' title='bbox 1142 713 1281 794; x_wconf 75' lang='grc' dir='ltr'><strong><em>Αἰγαίου</em></strong></span> <span class='ocrx_word' id='word_1_39' title='bbox 1313 713 1348 778; x_wconf 90' lang='grc' dir='ltr'><strong><em>οί</em></strong></span> <span class='ocrx_word' id='word_1_40' title='bbox 1419 729 1422 738; x_wconf 88' lang='grc'><em>“</em></span> <span class='ocrx_word' id='word_1_41' title='bbox 1504 721 1509 731; x_wconf 86' lang='grc'><strong>’</strong></span> 
     </span>
    </p>
   </div>
   <div class='ocr_carea' id='block_1_4' title="bbox 119 819 1349 2822">
    <p class='ocr_par' dir='ltr' id='par_1_4' title="bbox 119 819 1349 2822">
     <span class='ocr_line' id='line_1_6' title="bbox 125 819 1348 906; baseline 0.002 -22"><span class='ocrx_word' id='word_1_42' title='bbox 125 819 389 898; x_wconf 74' lang='grc' dir='ltr'><strong><em>συνοπτώμενοι</em></strong></span> <span class='ocrx_word' id='word_1_43' title='bbox 426 819 463 882; x_wconf 75' lang='grc' dir='ltr'><strong><em>ἐν</em></strong></span> <span class='ocrx_word' id='word_1_44' title='bbox 494 841 531 882; x_wconf 90' lang='grc' dir='ltr'><strong><em>τε</em></strong></span> <span class='ocrx_word' id='word_1_45' title='bbox 562 828 633 892; x_wconf 86' lang='grc' dir='ltr'><strong><em>τοῖς</em></strong></span> <span class='ocrx_word' id='word_1_46' title='bbox 671 819 790 900; x_wconf 84' lang='grc' dir='ltr'><strong><em>γάμοις</em></strong></span> <span class='ocrx_word' id='word_1_47' title='bbox 829 823 885 882; x_wconf 83' lang='grc' dir='ltr'><strong><em>καὶ</em></strong></span> <span class='ocrx_word' id='word_1_48' title='bbox 923 819 1010 882; x_wconf 84' lang='grc' dir='ltr'><strong><em>κατά</em></strong></span> <span class='ocrx_word' id='word_1_49' title='bbox 1049 820 1088 882; x_wconf 87' lang='grc' dir='ltr'><strong><em>τὸ</em></strong></span> <span class='ocrx_word' id='word_1_50' title='bbox 1127 821 1348 906; x_wconf 78' lang='grc' dir='ltr'><strong><em>περίδειπνον</em></strong></span> 
     </span>
     <span class='ocr_line' id='line_1_7' title="bbox 123 919 1348 1014; baseline -0.001 -22"><span class='ocrx_word' id='word_1_51' title='bbox 123 928 303 1013; x_wconf 84' lang='grc' dir='ltr'><strong><em>κάθηνται.</em></strong></span> <span class='ocrx_word' id='word_1_52' title='bbox 344 927 411 1007; x_wconf 66' lang='grc' dir='ltr'><strong><em>ΛἸήἶ</em></strong></span> <span class='ocrx_word' id='word_1_53' title='bbox 449 926 485 988; x_wconf 84' lang='grc' dir='ltr'><strong><em>δὲ</em></strong></span> <span class='ocrx_word' id='word_1_54' title='bbox 514 919 668 988; x_wconf 79' lang='grc' dir='ltr'><em>Ὀδυσσεῖ</em></span> <span class='ocrx_word' id='word_1_55' title='bbox 695 926 817 1014; x_wconf 79' lang='grc' dir='ltr'><strong><em>ἐπαίτῃ</em></strong></span> <span class='ocrx_word' id='word_1_56' title='bbox 849 919 938 988; x_wconf 74' lang='grc' dir='ltr'><strong><em>εἶναι</em></strong></span> <span class='ocrx_word' id='word_1_57' title='bbox 974 926 1130 990; x_wconf 78' lang='grc' dir='ltr'><strong><em>δοκοῦντι</em></strong></span> <span class='ocrx_word' id='word_1_58' title='bbox 1156 926 1348 1012; x_wconf 81' lang='grc' dir='ltr'><strong><em>Τηλέμαχος</em></strong></span> 
     </span>
     <span class='ocr_line' id='line_1_8' title="bbox 123 1027 1348 1117; baseline -0.002 -17"><span class='ocrx_word' id='word_1_59' title='bbox 123 1035 184 1100; x_wconf 85' lang='grc' dir='ltr'><strong><em>τδυ</em></strong></span> <span class='ocrx_word' id='word_1_60' title='bbox 208 1033 318 1116; x_wconf 82' lang='grc' dir='ltr'><strong><em>φόνον</em></strong></span> <span class='ocrx_word' id='word_1_61' title='bbox 341 1034 408 1096; x_wconf 86' lang='grc' dir='ltr'><strong><em>τών</em></strong></span> <span class='ocrx_word' id='word_1_62' title='bbox 424 1031 622 1116; x_wconf 80' lang='grc' dir='ltr'><strong><em>μνηστήρων</em></strong></span> <span class='ocrx_word' id='word_1_63' title='bbox 644 1031 910 1113; x_wconf 75' lang='grc' dir='ltr'><strong><em>συντεχνώμενος</em></strong></span> <span class='ocrx_word' id='word_1_64' title='bbox 934 1033 1096 1117; x_wconf 78' lang='grc' dir='ltr'><strong><em>δίφρον</em></strong></span> <span class='ocrx_word' id='word_1_65' title='bbox 1121 1027 1348 1098; x_wconf 83' lang='grc' dir='ltr'><strong><em>άεικέλιον</em></strong></span> 
     </span>
     <span class='ocr_line' id='line_1_9' title="bbox 125 1133 1346 1228; baseline -0.002 -22"><span class='ocrx_word' id='word_1_66' title='bbox 125 1140 270 1226; x_wconf 80' lang='grc' dir='ltr'><strong><em>ὀλίγην</em></strong></span> <span class='ocrx_word' id='word_1_67' title='bbox 294 1163 337 1202; x_wconf 86' lang='grc' dir='ltr'><strong><em>τε</em></strong></span> <span class='ocrx_word' id='word_1_68' title='bbox 362 1133 1237 1228; x_wconf 59' lang='grc' dir='ltr'><strong><em>τράπεζανπαροὶλάϊνονοάδὸντίθησινῖ).</em></strong></span> <span class='ocrx_word' id='word_1_69' title='bbox 1255 1136 1346 1204; x_wconf 79' lang='grc' dir='ltr'><strong><em>Ἀλλά</em></strong></span> 
     </span>
     <span class='ocr_line' id='line_1_10' title="bbox 126 1240 1348 1332; baseline -0.002 -20"><span class='ocrx_word' id='word_1_70' title='bbox 126 1252 197 1313; x_wconf 83' lang='grc' dir='ltr'><strong><em>ποῦ</em></strong></span> <span class='ocrx_word' id='word_1_71' title='bbox 214 1248 251 1332; x_wconf 84' lang='grc' dir='ltr'><strong><em>δή</em></strong></span> <span class='ocrx_word' id='word_1_72' title='bbox 266 1251 323 1331; x_wconf 87' lang='grc' dir='ltr'><strong><em>τῆς</em></strong></span> <span class='ocrx_word' id='word_1_73' title='bbox 340 1240 582 1329; x_wconf 87' lang='grc' dir='ltr'><strong><em>άνδρωνίτιδος</em></strong></span> <span class='ocrx_word' id='word_1_74' title='bbox 599 1243 630 1307; x_wconf 91' lang='grc' dir='ltr'><strong><em>οί</em></strong></span> <span class='ocrx_word' id='word_1_75' title='bbox 652 1249 836 1330; x_wconf 76' lang='grc' dir='ltr'><strong><em>μνηστῆρες</em></strong></span> <span class='ocrx_word' id='word_1_76' title='bbox 858 1243 1059 1324; x_wconf 74' lang='grc' dir='ltr'><strong><em>ἑστιώμενοι</em></strong></span> <span class='ocrx_word' id='word_1_77' title='bbox 1074 1245 1244 1331; x_wconf 75' lang='grc' dir='ltr'><strong><em>ἐκάθηντο</em></strong></span> <span class='ocrx_word' id='word_1_78' title='bbox 1254 1271 1263 1325; x_wconf 86' lang='lat'>;</span> <span class='ocrx_word' id='word_1_79' title='bbox 1287 1246 1348 1332; x_wconf 87' lang='grc' dir='ltr'><strong><em>Μή</em></strong></span> 
     </span>
     <span class='ocr_line' id='line_1_11' title="bbox 124 1348 1345 1436; baseline -0.002 -16"><span class='ocrx_word' id='word_1_80' title='bbox 124 1361 180 1420; x_wconf 85' lang='grc' dir='ltr'><strong><em>καί</em></strong></span> <span class='ocrx_word' id='word_1_81' title='bbox 198 1351 306 1434; x_wconf 80' lang='grc' dir='ltr'><strong><em>ου’τοί,</em></strong></span> <span class='ocrx_word' id='word_1_82' title='bbox 330 1348 446 1435; x_wconf 87' lang='grc' dir='ltr'><strong><em>ώσπερ</em></strong></span> <span class='ocrx_word' id='word_1_83' title='bbox 466 1349 498 1414; x_wconf 89' lang='grc' dir='ltr'><strong><em>οί</em></strong></span> <span class='ocrx_word' id='word_1_84' title='bbox 516 1355 675 1431; x_wconf 81' lang='grc' dir='ltr'><strong><em>Φαίακες,</em></strong></span> <span class='ocrx_word' id='word_1_85' title='bbox 699 1354 756 1414; x_wconf 83' lang='grc' dir='ltr'><strong><em>ἐπί</em></strong></span> <span class='ocrx_word' id='word_1_86' title='bbox 777 1350 913 1436; x_wconf 90' lang='grc' dir='ltr'><strong><em>θρόνων</em></strong></span> <span class='ocrx_word' id='word_1_87' title='bbox 935 1351 1080 1435; x_wconf 81' lang='grc' dir='ltr'><strong><em>ἐκατέρῳ</em></strong></span> <span class='ocrx_word' id='word_1_88' title='bbox 1104 1357 1171 1416; x_wconf 81' lang='grc' dir='ltr'><strong><em>τών</em></strong></span> <span class='ocrx_word' id='word_1_89' title='bbox 1196 1353 1345 1434; x_wconf 86' lang='grc' dir='ltr'><strong><em>πλαγίαν</em></strong></span> 
     </span>
     <span class='ocr_line' id='line_1_12' title="bbox 123 1443 1348 1547; baseline -0.004 -19"><span class='ocrx_word' id='word_1_90' title='bbox 123 1469 244 1545; x_wconf 83' lang='grc' dir='ltr'><strong><em>τοίχων·</em></strong></span> <span class='ocrx_word' id='word_1_91' title='bbox 269 1458 602 1544; x_wconf 78' lang='grc' dir='ltr'><strong><em>προσερειδομίνωυ;</em></strong></span> <span class='ocrx_word' id='word_1_92' title='bbox 642 1459 683 1521; x_wconf 86' lang='lat' dir='ltr'><strong><em>El</em></strong></span> <span class='ocrx_word' id='word_1_93' title='bbox 714 1459 750 1520; x_wconf 82' lang='grc' dir='ltr'><strong><em>δέ</em></strong></span> <span class='ocrx_word' id='word_1_94' title='bbox 782 1455 888 1522; x_wconf 78' lang='grc' dir='ltr'><strong><em>τοῦθ’</em></strong></span> <span class='ocrx_word' id='word_1_95' title='bbox 920 1443 1025 1533; x_wconf 74' lang='grc' dir='ltr'><strong><em>οὕτως</em></strong></span> <span class='ocrx_word' id='word_1_96' title='bbox 1048 1460 1134 1539; x_wconf 75' lang='grc' dir='ltr'><strong><em>ἔχει,</em></strong></span> <span class='ocrx_word' id='word_1_97' title='bbox 1163 1455 1204 1523; x_wconf 78' lang='grc' dir='ltr'><strong><em>ον’</em></strong></span> <span class='ocrx_word' id='word_1_98' title='bbox 1229 1459 1348 1547; x_wconf 81' lang='grc' dir='ltr'><strong><em>ῥᾴδιον</em></strong></span> 
     </span>
     <span class='ocr_line' id='line_1_13' title="bbox 124 1560 1346 1652; baseline -0.003 -18"><span class='ocrx_word' id='word_1_99' title='bbox 124 1569 246 1634; x_wconf 79' lang='grc' dir='ltr'><strong><em>νῦντὸ</em></strong></span> <span class='ocrx_word' id='word_1_100' title='bbox 278 1571 334 1650; x_wconf 91' lang='grc' dir='ltr'><strong><em>τῆς</em></strong></span> <span class='ocrx_word' id='word_1_101' title='bbox 366 1563 602 1649; x_wconf 84' lang='grc' dir='ltr'><strong><em>άνδρωνίτιδος</em></strong></span> <span class='ocrx_word' id='word_1_102' title='bbox 632 1567 737 1647; x_wconf 86' lang='grc' dir='ltr'><strong><em>μῆκος</em></strong></span> <span class='ocrx_word' id='word_1_103' title='bbox 767 1560 879 1648; x_wconf 76' lang='grc' dir='ltr'><strong><em>εὑρεῖν</em></strong></span> <span class='ocrx_word' id='word_1_104' title='bbox 909 1570 958 1647; x_wconf 75' lang='grc' dir='ltr'><strong><em>τώ</em></strong></span> <span class='ocrx_word' id='word_1_105' title='bbox 990 1561 1130 1650; x_wconf 75' lang='grc' dir='ltr'><strong><em>άριθμῷ</em></strong></span> <span class='ocrx_word' id='word_1_106' title='bbox 1160 1571 1228 1630; x_wconf 85' lang='grc' dir='ltr'><strong><em>τών</em></strong></span> <span class='ocrx_word' id='word_1_107' title='bbox 1258 1562 1346 1652; x_wconf 77' lang='grc' dir='ltr'><strong><em>παρ’</em></strong></span> 
     </span>
     <span class='ocr_line' id='line_1_14' title="bbox 126 1667 1348 1759; baseline -0.002 -20"><span class='ocrx_word' id='word_1_108' title='bbox 126 1680 272 1759; x_wconf 79' lang='grc' dir='ltr'><strong><em>ἐκατέρῳ</em></strong></span> <span class='ocrx_word' id='word_1_109' title='bbox 313 1678 379 1736; x_wconf 83' lang='grc' dir='ltr'><strong><em>τών</em></strong></span> <span class='ocrx_word' id='word_1_110' title='bbox 417 1673 566 1754; x_wconf 86' lang='grc' dir='ltr'><strong><em>πλαγίων</em></strong></span> <span class='ocrx_word' id='word_1_111' title='bbox 605 1675 726 1750; x_wconf 88' lang='grc' dir='ltr'><strong><em>τοίχων</em></strong></span> <span class='ocrx_word' id='word_1_112' title='bbox 768 1669 971 1755; x_wconf 69' lang='grc' dir='ltr'><strong><em>ἱδρυμένους</em></strong></span> <span class='ocrx_word' id='word_1_113' title='bbox 1017 1667 1144 1736; x_wconf 83' lang='grc' dir='ltr'><strong><em>Ὄντων</em></strong></span> <span class='ocrx_word' id='word_1_114' title='bbox 1180 1672 1243 1758; x_wconf 86' lang='grc' dir='ltr'><strong><em>γὰρ</em></strong></span> <span class='ocrx_word' id='word_1_115' title='bbox 1280 1675 1348 1737; x_wconf 88' lang='grc' dir='ltr'><strong><em>τών</em></strong></span> 
     </span>
     <span class='ocr_line' id='line_1_15' title="bbox 124 1775 1347 1866; baseline -0.003 -20"><span class='ocrx_word' id='word_1_116' title='bbox 124 1782 324 1866; x_wconf 73' lang='grc' dir='ltr'><strong><em>μνηστήρων</em></strong></span> <span class='ocrx_word' id='word_1_117' title='bbox 346 1779 450 1844; x_wconf 86' lang='grc' dir='ltr'><strong><em>είκοσι</em></strong></span> <span class='ocrx_word' id='word_1_118' title='bbox 473 1783 529 1844; x_wconf 87' lang='grc' dir='ltr'><strong><em>καί</em></strong></span> <span class='ocrx_word' id='word_1_119' title='bbox 545 1776 676 1856; x_wconf 80' lang='grc' dir='ltr'><strong><em>ἑκατόν,</em></strong></span> <span class='ocrx_word' id='word_1_120' title='bbox 699 1775 789 1850; x_wconf 83' lang='grc' dir='ltr'><strong><em>είκδς</em></strong></span> <span class='ocrx_word' id='word_1_121' title='bbox 807 1775 970 1861; x_wconf 79' lang='grc' dir='ltr'><strong><em>ἑξήκοντα</em></strong></span> <span class='ocrx_word' id='word_1_122' title='bbox 986 1777 1087 1862; x_wconf 72' lang='grc' dir='ltr'><strong><em>ἕδρας</em></strong></span> <span class='ocrx_word' id='word_1_123' title='bbox 1102 1776 1186 1864; x_wconf 84' lang='grc' dir='ltr'><strong><em>πρὸς</em></strong></span> <span class='ocrx_word' id='word_1_124' title='bbox 1200 1783 1347 1866; x_wconf 78' lang='grc' dir='ltr'><strong><em>ἐκατέρῳ</em></strong></span> 
     </span>
     <span class='ocr_line' id='line_1_16' title="bbox 124 1875 1347 1973; baseline -0.002 -21"><span class='ocrx_word' id='word_1_125' title='bbox 124 1893 191 1952; x_wconf 84' lang='grc' dir='ltr'><strong><em>τών</em></strong></span> <span class='ocrx_word' id='word_1_126' title='bbox 214 1893 337 1970; x_wconf 88' lang='grc' dir='ltr'><strong><em>τοίχων</em></strong></span> <span class='ocrx_word' id='word_1_127' title='bbox 360 1881 467 1968; x_wconf 84' lang='grc' dir='ltr'><strong><em>είναι,</em></strong></span> <span class='ocrx_word' id='word_1_128' title='bbox 500 1878 620 1971; x_wconf 84' lang='grc' dir='ltr'><strong><em>αἶςπερ</em></strong></span> <span class='ocrx_word' id='word_1_129' title='bbox 652 1875 696 1946; x_wconf 71' lang='grc' dir='ltr'><strong><em>ἂν</em></strong></span> <span class='ocrx_word' id='word_1_130' title='bbox 721 1881 759 1946; x_wconf 83' lang='grc' dir='ltr'><strong><em>τὸ</em></strong></span> <span class='ocrx_word' id='word_1_131' title='bbox 784 1887 888 1965; x_wconf 82' lang='grc' dir='ltr'><strong><em>μῆκος</em></strong></span> <span class='ocrx_word' id='word_1_132' title='bbox 912 1878 1076 1965; x_wconf 79' lang='grc' dir='ltr'><strong><em>α’σφαλώς</em></strong></span> <span class='ocrx_word' id='word_1_133' title='bbox 1099 1892 1347 1973; x_wconf 87' lang='grc' dir='ltr'><strong><em>συμμετρησαί-</em></strong></span> 
     </span>
     <span class='ocr_line' id='line_1_17' title="bbox 122 1986 1348 2084; baseline -0.002 -26"><span class='ocrx_word' id='word_1_134' title='bbox 122 2000 229 2076; x_wconf 87' lang='grc' dir='ltr'><strong><em>μεθα.</em></strong></span> <span class='ocrx_word' id='word_1_135' title='bbox 266 1990 323 2069; x_wconf 82' lang='grc' dir='ltr'><strong><em>Ὃς</em></strong></span> <span class='ocrx_word' id='word_1_136' title='bbox 355 1991 387 2057; x_wconf 84' lang='grc' dir='ltr'><strong><em>δ’</em></strong></span> <span class='ocrx_word' id='word_1_137' title='bbox 420 1987 463 2056; x_wconf 78' lang='grc' dir='ltr'><strong><em>ἂν</em></strong></span> <span class='ocrx_word' id='word_1_138' title='bbox 496 1986 584 2054; x_wconf 71' lang='grc' dir='ltr'><strong><em>οίίτω</em></strong></span> <span class='ocrx_word' id='word_1_139' title='bbox 615 1993 670 2054; x_wconf 85' lang='grc' dir='ltr'><strong><em>καί</em></strong></span> <span class='ocrx_word' id='word_1_140' title='bbox 701 1987 781 2062; x_wconf 83' lang='grc' dir='ltr'><strong><em>τοὺς</em></strong></span> <span class='ocrx_word' id='word_1_141' title='bbox 811 1991 1001 2075; x_wconf 83' lang='grc' dir='ltr'><strong><em>μνηστῆρας</em></strong></span> <span class='ocrx_word' id='word_1_142' title='bbox 1031 1999 1068 2054; x_wconf 82' lang='grc' dir='ltr'><strong><em>ἐν</em></strong></span> <span class='ocrx_word' id='word_1_143' title='bbox 1099 1995 1140 2084; x_wconf 83' lang='grc' dir='ltr'><strong><em>τῆ</em></strong></span> <span class='ocrx_word' id='word_1_144' title='bbox 1167 1987 1348 2068; x_wconf 76' lang='grc' dir='ltr'><strong><em>Ὀδυσσέως</em></strong></span> 
     </span>
     <span class='ocr_line' id='line_1_18' title="bbox 124 2085 1348 2186; baseline 0.001 -23"><span class='ocrx_word' id='word_1_145' title='bbox 124 2097 341 2186; x_wconf 78' lang='grc' dir='ltr'><strong><em>α’νδρωνίτιδι</em></strong></span> <span class='ocrx_word' id='word_1_146' title='bbox 371 2101 588 2182; x_wconf 82' lang='grc' dir='ltr'><strong><em>καθημένους</em></strong></span> <span class='ocrx_word' id='word_1_147' title='bbox 619 2101 686 2184; x_wconf 84' lang='grc' dir='ltr'><strong><em>θῆ,</em></strong></span> <span class='ocrx_word' id='word_1_148' title='bbox 718 2085 817 2170; x_wconf 83' lang='grc' dir='ltr'><strong><em>οὗτος</em></strong></span> <span class='ocrx_word' id='word_1_149' title='bbox 849 2099 912 2160; x_wconf 80' lang='grc' dir='ltr'><strong><em>τοῦ</em></strong></span> <span class='ocrx_word' id='word_1_150' title='bbox 941 2101 1003 2176; x_wconf 80' lang='grc' dir='ltr'><strong><em>μὲν</em></strong></span> <span class='ocrx_word' id='word_1_151' title='bbox 1035 2093 1185 2183; x_wconf 74' lang='grc' dir='ltr'><strong><em>ἀληθοῦς</em></strong></span> <span class='ocrx_word' id='word_1_152' title='bbox 1222 2103 1348 2183; x_wconf 87' lang='grc' dir='ltr'><strong><em>μέτρον</em></strong></span> 
     </span>
     <span class='ocr_line' id='line_1_19' title="bbox 124 2198 1347 2290; baseline -0.002 -20"><span class='ocrx_word' id='word_1_153' title='bbox 124 2209 299 2280; x_wconf 77' lang='grc' dir='ltr'><strong><em>τεύξεται·</em></strong></span> <span class='ocrx_word' id='word_1_154' title='bbox 333 2207 409 2285; x_wconf 88' lang='grc' dir='ltr'><strong><em>δίχα</em></strong></span> <span class='ocrx_word' id='word_1_155' title='bbox 441 2202 503 2286; x_wconf 84' lang='grc' dir='ltr'><strong><em>γὰρ</em></strong></span> <span class='ocrx_word' id='word_1_156' title='bbox 535 2203 590 2266; x_wconf 83' lang='grc' dir='ltr'><strong><em>καί</em></strong></span> <span class='ocrx_word' id='word_1_157' title='bbox 622 2198 719 2265; x_wconf 71' lang='grc' dir='ltr'><strong><em>αὐτοὶ</em></strong></span> <span class='ocrx_word' id='word_1_158' title='bbox 750 2208 987 2287; x_wconf 81' lang='grc' dir='ltr'><strong><em>μεμερισμένοι</em></strong></span> <span class='ocrx_word' id='word_1_159' title='bbox 1010 2203 1099 2266; x_wconf 86' lang='grc' dir='ltr'><strong><em>κατά</em></strong></span> <span class='ocrx_word' id='word_1_160' title='bbox 1122 2207 1227 2288; x_wconf 87' lang='grc' dir='ltr'><strong><em>μῆκος</em></strong></span> <span class='ocrx_word' id='word_1_161' title='bbox 1250 2207 1347 2290; x_wconf 83' lang='grc' dir='ltr'><strong><em>παρὰ</em></strong></span> 
     </span>
     <span class='ocr_line' id='line_1_20' title="bbox 126 2293 1349 2397; baseline -0.002 -21"><span class='ocrx_word' id='word_1_162' title='bbox 126 2293 416 2396; x_wconf 77' lang='grc' dir='ltr'><strong><em>ταῖςτραπεζαις</em></strong></span> <span class='ocrx_word' id='word_1_163' title='bbox 447 2307 633 2394; x_wconf 79' lang='grc' dir='ltr'><strong><em>ἐκάθηντο·</em></strong></span> <span class='ocrx_word' id='word_1_164' title='bbox 664 2310 801 2383; x_wconf 87' lang='grc' dir='ltr'><strong><em>πάντως</em></strong></span> <span class='ocrx_word' id='word_1_165' title='bbox 833 2305 925 2388; x_wconf 80' lang='grc' dir='ltr'><strong><em>ὅμως</em></strong></span> <span class='ocrx_word' id='word_1_166' title='bbox 955 2307 1190 2397; x_wconf 70' lang='grc' dir='ltr'><strong><em>ἁμαρτήσεται</em></strong></span> <span class='ocrx_word' id='word_1_167' title='bbox 1219 2311 1349 2396; x_wconf 82' lang='grc' dir='ltr'><strong><em>οίηθείς</em></strong></span> 
     </span>
     <span class='ocr_line' id='line_1_21' title="bbox 127 2415 1345 2502; baseline 0.001 -22"><span class='ocrx_word' id='word_1_168' title='bbox 127 2417 244 2502; x_wconf 80' lang='grc' dir='ltr'><strong><em>ώσπερ</em></strong></span> <span class='ocrx_word' id='word_1_169' title='bbox 275 2416 355 2491; x_wconf 78' lang='grc' dir='ltr'><strong><em>τούς</em></strong></span> <span class='ocrx_word' id='word_1_170' title='bbox 388 2420 543 2489; x_wconf 86' lang='grc' dir='ltr'><strong><em>Φαίακας</em></strong></span> <span class='ocrx_word' id='word_1_171' title='bbox 579 2415 675 2500; x_wconf 87' lang='grc' dir='ltr'><strong><em>παρά</em></strong></span> <span class='ocrx_word' id='word_1_172' title='bbox 712 2424 786 2492; x_wconf 80' lang='grc' dir='ltr'><strong><em>τοῖς</em></strong></span> <span class='ocrx_word' id='word_1_173' title='bbox 815 2417 971 2498; x_wconf 83' lang='grc' dir='ltr'><strong><em>πλαγίοις</em></strong></span> <span class='ocrx_word' id='word_1_174' title='bbox 1009 2424 1133 2499; x_wconf 90' lang='grc' dir='ltr'><strong><em>τοίχοις</em></strong></span> <span class='ocrx_word' id='word_1_175' title='bbox 1171 2418 1345 2500; x_wconf 77' lang='grc' dir='ltr'><strong><em>ἱδρῦσθαι.</em></strong></span> 
     </span>
     <span class='ocr_line' id='line_1_22' title="bbox 120 2515 1348 2611; baseline 0.001 -23"><span class='ocrx_word' id='word_1_176' title='bbox 120 2523 212 2601; x_wconf 81' lang='grc' dir='ltr'><strong><em>Ἐμοί</em></strong></span> <span class='ocrx_word' id='word_1_177' title='bbox 235 2524 297 2609; x_wconf 85' lang='grc' dir='ltr'><strong><em>γάρ</em></strong></span> <span class='ocrx_word' id='word_1_178' title='bbox 322 2527 507 2588; x_wconf 81' lang='grc' dir='ltr'><strong><em>σκοποῦντι</em></strong></span> <span class='ocrx_word' id='word_1_179' title='bbox 532 2515 620 2606; x_wconf 87' lang='grc' dir='ltr'><strong><em>άπερ</em></strong></span> <span class='ocrx_word' id='word_1_180' title='bbox 654 2522 685 2586; x_wconf 93' lang='grc' dir='ltr'><strong><em>οί</em></strong></span> <span class='ocrx_word' id='word_1_181' title='bbox 707 2526 892 2609; x_wconf 88' lang='grc' dir='ltr'><strong><em>μνηστῆρες</em></strong></span> <span class='ocrx_word' id='word_1_182' title='bbox 915 2528 1090 2608; x_wconf 85' lang='grc' dir='ltr'><strong><em>ἐποίησαν,</em></strong></span> <span class='ocrx_word' id='word_1_183' title='bbox 1114 2524 1186 2588; x_wconf 86' lang='grc' dir='ltr'><strong><em>ἐπεί</em></strong></span> <span class='ocrx_word' id='word_1_184' title='bbox 1210 2527 1348 2611; x_wconf 87' lang='grc' dir='ltr'><strong><em>πρώτον</em></strong></span> 
     </span>
     <span class='ocr_line' id='line_1_23' title="bbox 119 2609 1347 2716; baseline 0 -22"><span class='ocrx_word' id='word_1_185' title='bbox 119 2625 299 2704; x_wconf 78' lang='grc' dir='ltr'><strong><em>Ὀδυσσεδς</em></strong></span> <span class='ocrx_word' id='word_1_186' title='bbox 319 2627 482 2693; x_wconf 76' lang='grc' dir='ltr'><strong><em>Ἀντίνουν</em></strong></span> <span class='ocrx_word' id='word_1_187' title='bbox 506 2609 623 2710; x_wconf 70' lang='grc' dir='ltr'><strong><em>ίζδαλε,</em></strong></span> <span class='ocrx_word' id='word_1_188' title='bbox 645 2629 741 2692; x_wconf 87' lang='grc' dir='ltr'><strong><em>δοκεῖ</em></strong></span> <span class='ocrx_word' id='word_1_189' title='bbox 763 2625 804 2693; x_wconf 81' lang='grc' dir='ltr'><strong><em>οδ</em></strong></span> <span class='ocrx_word' id='word_1_190' title='bbox 827 2631 923 2716; x_wconf 84' lang='grc' dir='ltr'><strong><em>παρὰ</em></strong></span> <span class='ocrx_word' id='word_1_191' title='bbox 946 2639 1019 2704; x_wconf 80' lang='grc' dir='ltr'><strong><em>τοῖς</em></strong></span> <span class='ocrx_word' id='word_1_192' title='bbox 1034 2632 1187 2711; x_wconf 89' lang='grc' dir='ltr'><strong><em>πλαγίοις</em></strong></span> <span class='ocrx_word' id='word_1_193' title='bbox 1210 2635 1347 2712; x_wconf 88' lang='grc' dir='ltr'><strong><em>τοίχοις,</em></strong></span> 
     </span>
     <span class='ocr_line' id='line_1_24' title="bbox 123 2731 1347 2822; baseline 0 -22"><span class='ocrx_word' id='word_1_194' title='bbox 123 2733 200 2800; x_wconf 77' lang='grc' dir='ltr'><strong><em>ἄλλ’</em></strong></span> <span class='ocrx_word' id='word_1_195' title='bbox 223 2738 259 2800; x_wconf 85' lang='grc' dir='ltr'><strong><em>ἐν</em></strong></span> <span class='ocrx_word' id='word_1_196' title='bbox 283 2739 331 2820; x_wconf 71' lang='grc' dir='ltr'><strong><em>τιή</em></strong></span> <span class='ocrx_word' id='word_1_197' title='bbox 354 2744 444 2818; x_wconf 78' lang='grc' dir='ltr'><strong><em>με’σηι</em></strong></span> <span class='ocrx_word' id='word_1_198' title='bbox 461 2731 583 2811; x_wconf 77' lang='grc' dir='ltr'><strong><em>αδτοδς</em></strong></span> <span class='ocrx_word' id='word_1_199' title='bbox 597 2737 699 2799; x_wconf 78' lang='grc' dir='ltr'><strong><em>ἐνθεν</em></strong></span> <span class='ocrx_word' id='word_1_200' title='bbox 715 2740 773 2800; x_wconf 81' lang='grc' dir='ltr'><strong><em>καί</em></strong></span> <span class='ocrx_word' id='word_1_201' title='bbox 789 2740 892 2800; x_wconf 75' lang='grc' dir='ltr'><strong><em>ἔνθεν</em></strong></span> <span class='ocrx_word' id='word_1_202' title='bbox 908 2745 975 2801; x_wconf 73' lang='grc' dir='ltr'><strong><em>τοῖν</em></strong></span> <span class='ocrx_word' id='word_1_203' title='bbox 991 2738 1166 2820; x_wconf 78' lang='grc' dir='ltr'><strong><em>τραπεζῶν</em></strong></span> <span class='ocrx_word' id='word_1_204' title='bbox 1182 2736 1347 2822; x_wconf 77' lang='grc' dir='ltr'><strong><em>ἱδρῦσθαι</em></strong></span> 
     </span>
    </p>
   </div>
   <div class='ocr_carea' id='block_1_5' title="bbox 264 2891 1075 3327">
    <p class='ocr_par' dir='ltr' id='par_1_5' title="bbox 264 2891 1075 3327">
     <span class='ocr_line' id='line_1_25' title="bbox 496 2891 747 2965; baseline 0.008 -17"><span class='ocrx_word' id='word_1_205' title='bbox 496 2898 534 2949; x_wconf 87' lang='grc' dir='ltr'><strong><em>τοί</em></strong></span> <span class='ocrx_word' id='word_1_206' title='bbox 553 2896 583 2948; x_wconf 78' lang='grc' dir='ltr'><strong><em>δ’</em></strong></span> <span class='ocrx_word' id='word_1_207' title='bbox 600 2891 747 2965; x_wconf 71' lang='grc' dir='ltr'><strong><em>ὁμάδησαν</em></strong></span> 
     </span>
     <span class='ocr_line' id='line_1_26' title="bbox 264 2981 1075 3060; baseline 0.002 -23"><span class='ocrx_word' id='word_1_208' title='bbox 264 2983 418 3056; x_wconf 82' lang='grc' dir='ltr'><strong><em>μνησιῆρες</em></strong></span> <span class='ocrx_word' id='word_1_209' title='bbox 437 2981 506 3038; x_wconf 86' lang='grc' dir='ltr'><strong><em>κατά</em></strong></span> <span class='ocrx_word' id='word_1_210' title='bbox 528 2982 653 3054; x_wconf 78' lang='grc' dir='ltr'><strong><em>δώμαθ’,</em></strong></span> <span class='ocrx_word' id='word_1_211' title='bbox 672 2982 745 3044; x_wconf 80' lang='grc' dir='ltr'><strong><em>ὅπως</em></strong></span> <span class='ocrx_word' id='word_1_212' title='bbox 762 2987 821 3040; x_wconf 72' lang='grc' dir='ltr'><strong><em>ἴδον</em></strong></span> <span class='ocrx_word' id='word_1_213' title='bbox 840 2983 928 3060; x_wconf 76' lang='grc' dir='ltr'><strong><em>ἄνδρα</em></strong></span> <span class='ocrx_word' id='word_1_214' title='bbox 949 2985 1075 3053; x_wconf 75' lang='grc' dir='ltr'><strong><em>πεσόντα,</em></strong></span> 
     </span>
     <span class='ocr_line' id='line_1_27' title="bbox 264 3069 1074 3148; baseline 0 -20"><span class='ocrx_word' id='word_1_215' title='bbox 264 3075 294 3128; x_wconf 78' lang='grc' dir='ltr'><strong><em>ἐκ</em></strong></span> <span class='ocrx_word' id='word_1_216' title='bbox 314 3074 343 3127; x_wconf 80' lang='grc' dir='ltr'><strong><em>δὲ</em></strong></span> <span class='ocrx_word' id='word_1_217' title='bbox 362 3073 474 3144; x_wconf 83' lang='grc' dir='ltr'><strong><em>θρόνων</em></strong></span> <span class='ocrx_word' id='word_1_218' title='bbox 492 3069 650 3143; x_wconf 83' lang='grc' dir='ltr'><strong><em>α’νόρουσαν</em></strong></span> <span class='ocrx_word' id='word_1_219' title='bbox 667 3069 826 3148; x_wconf 72' lang='grc' dir='ltr'><strong><em>ὀρινθέντες</em></strong></span> <span class='ocrx_word' id='word_1_220' title='bbox 844 3074 913 3130; x_wconf 78' lang='grc' dir='ltr'><strong><em>κατὰ</em></strong></span> <span class='ocrx_word' id='word_1_221' title='bbox 934 3075 1025 3143; x_wconf 81' lang='grc' dir='ltr'><strong><em>δῶμα,</em></strong></span> <span class='ocrx_word' id='word_1_222' title='bbox 1070 3106 1074 3114; x_wconf 69' lang='lat'><em>=</em></span> 
     </span>
     <span class='ocr_line' id='line_1_28' title="bbox 264 3161 981 3235; baseline 0.001 -18"><span class='ocrx_word' id='word_1_223' title='bbox 264 3161 384 3217; x_wconf 82' lang='grc' dir='ltr'><strong><em>πάντοτε</em></strong></span> <span class='ocrx_word' id='word_1_224' title='bbox 401 3165 598 3222; x_wconf 79' lang='grc' dir='ltr'><strong><em>παπταίνοντες</em></strong></span> <span class='ocrx_word' id='word_1_225' title='bbox 616 3162 765 3232; x_wconf 80' lang='grc' dir='ltr'><strong><em>ἐυδμήτους</em></strong></span> <span class='ocrx_word' id='word_1_226' title='bbox 783 3167 844 3219; x_wconf 81' lang='grc' dir='ltr'><strong><em>ποτί</em></strong></span> <span class='ocrx_word' id='word_1_227' title='bbox 862 3171 981 3235; x_wconf 81' lang='grc' dir='ltr'><strong><em>τοίχους·</em></strong></span> 
     </span>
     <span class='ocr_line' id='line_1_29' title="bbox 265 3247 1047 3327; baseline -0.003 -21"><span class='ocrx_word' id='word_1_228' title='bbox 265 3247 328 3307; x_wconf 72' lang='grc' dir='ltr'><strong><em>ον’·δέ</em></strong></span> <span class='ocrx_word' id='word_1_229' title='bbox 345 3273 382 3324; x_wconf 78' lang='grc' dir='ltr'><strong><em>πη</em></strong></span> <span class='ocrx_word' id='word_1_230' title='bbox 400 3249 481 3312; x_wconf 88' lang='grc' dir='ltr'><strong><em>αόπίς</em></strong></span> <span class='ocrx_word' id='word_1_231' title='bbox 499 3251 553 3319; x_wconf 79' lang='grc' dir='ltr'><strong><em>ἔην,</em></strong></span> <span class='ocrx_word' id='word_1_232' title='bbox 576 3247 639 3306; x_wconf 70' lang='grc' dir='ltr'><strong><em>οὐδ’</em></strong></span> <span class='ocrx_word' id='word_1_233' title='bbox 658 3250 778 3327; x_wconf 72' lang='grc' dir='ltr'><strong><em>ἄλκιμον</em></strong></span> <span class='ocrx_word' id='word_1_234' title='bbox 796 3253 880 3324; x_wconf 81' lang='grc' dir='ltr'><strong><em>ἔγχος</em></strong></span> <span class='ocrx_word' id='word_1_235' title='bbox 899 3254 1047 3322; x_wconf 65' lang='grc' dir='ltr'><strong><em>ἐλίσθαιί).</em></strong></span> 
     </span>
    </p>
   </div>
   <div class='ocr_carea' id='block_1_6' title="bbox 123 3384 1347 4122">
    <p class='ocr_par' dir='ltr' id='par_1_6' title="bbox 123 3384 1347 4122">
     <span class='ocr_line' id='line_1_30' title="bbox 130 3384 1347 3482; baseline 0.001 -24"><span class='ocrx_word' id='word_1_236' title='bbox 130 3399 247 3458; x_wconf 76' lang='grc' dir='ltr'><strong><em>Ταῦτα</em></strong></span> <span class='ocrx_word' id='word_1_237' title='bbox 270 3401 329 3476; x_wconf 79' lang='grc' dir='ltr'><strong><em>μὲν</em></strong></span> <span class='ocrx_word' id='word_1_238' title='bbox 353 3384 412 3460; x_wconf 72' lang='grc' dir='ltr'><strong><em>οὖν</em></strong></span> <span class='ocrx_word' id='word_1_239' title='bbox 436 3393 479 3458; x_wconf 88' lang='grc' dir='ltr'><strong><em>τά</em></strong></span> <span class='ocrx_word' id='word_1_240' title='bbox 503 3396 567 3479; x_wconf 79' lang='grc' dir='ltr'><strong><em>ἐπη</em></strong></span> <span class='ocrx_word' id='word_1_241' title='bbox 590 3394 650 3480; x_wconf 80' lang='grc' dir='ltr'><strong><em>τήν</em></strong></span> <span class='ocrx_word' id='word_1_242' title='bbox 680 3401 716 3458; x_wconf 84' lang='grc' dir='ltr'><strong><em>ἐν</em></strong></span> <span class='ocrx_word' id='word_1_243' title='bbox 739 3398 788 3478; x_wconf 73' lang='grc' dir='ltr'><strong><em>τῷ</em></strong></span> <span class='ocrx_word' id='word_1_244' title='bbox 817 3404 907 3478; x_wconf 82' lang='grc' dir='ltr'><strong><em>με’σῳ</em></strong></span> <span class='ocrx_word' id='word_1_245' title='bbox 932 3399 999 3458; x_wconf 84' lang='grc' dir='ltr'><strong><em>τών</em></strong></span> <span class='ocrx_word' id='word_1_246' title='bbox 1021 3392 1219 3479; x_wconf 90' lang='grc' dir='ltr'><strong><em>μνηστήρων</em></strong></span> <span class='ocrx_word' id='word_1_247' title='bbox 1241 3395 1347 3482; x_wconf 65' lang='grc' dir='ltr'><strong><em>ἕδραν</em></strong></span> 
     </span>
     <span class='ocr_line' id='line_1_31' title="bbox 124 3497 1346 3588; baseline 0 -24"><span class='ocrx_word' id='word_1_248' title='bbox 124 3499 338 3588; x_wconf 68' lang='grc' dir='ltr'><strong><em>δποδηλοίί).</em></strong></span> <span class='ocrx_word' id='word_1_249' title='bbox 375 3497 450 3565; x_wconf 81' lang='grc' dir='ltr'><strong><em>Ὅτι</em></strong></span> <span class='ocrx_word' id='word_1_250' title='bbox 474 3503 510 3565; x_wconf 80' lang='grc' dir='ltr'><strong><em>δὲ</em></strong></span> <span class='ocrx_word' id='word_1_251' title='bbox 534 3497 575 3564; x_wconf 78' lang='grc' dir='ltr'><strong><em>ου’</em></strong></span> <span class='ocrx_word' id='word_1_252' title='bbox 605 3502 695 3564; x_wconf 88' lang='grc' dir='ltr'><strong><em>κατά</em></strong></span> <span class='ocrx_word' id='word_1_253' title='bbox 718 3504 756 3566; x_wconf 87' lang='grc' dir='ltr'><strong><em>τδ</em></strong></span> <span class='ocrx_word' id='word_1_254' title='bbox 781 3501 927 3582; x_wconf 89' lang='grc' dir='ltr'><strong><em>πλάτος,</em></strong></span> <span class='ocrx_word' id='word_1_255' title='bbox 957 3497 1044 3564; x_wconf 88' lang='grc' dir='ltr'><strong><em>άλλά</em></strong></span> <span class='ocrx_word' id='word_1_256' title='bbox 1067 3499 1155 3564; x_wconf 83' lang='grc' dir='ltr'><strong><em>κατά</em></strong></span> <span class='ocrx_word' id='word_1_257' title='bbox 1179 3500 1217 3566; x_wconf 84' lang='grc' dir='ltr'><strong><em>τὸ</em></strong></span> <span class='ocrx_word' id='word_1_258' title='bbox 1241 3507 1346 3585; x_wconf 91' lang='grc' dir='ltr'><strong><em>μῆκος</em></strong></span> 
     </span>
     <span class='ocr_line' id='line_1_32' title="bbox 123 3604 1344 3694; baseline 0.001 -24"><span class='ocrx_word' id='word_1_259' title='bbox 123 3614 180 3692; x_wconf 81' lang='grc' dir='ltr'><strong><em>τῆς</em></strong></span> <span class='ocrx_word' id='word_1_260' title='bbox 205 3604 442 3693; x_wconf 78' lang='grc' dir='ltr'><strong><em>α’νδριονίτιδος</em></strong></span> <span class='ocrx_word' id='word_1_261' title='bbox 474 3609 510 3672; x_wconf 87' lang='grc' dir='ltr'><strong><em>αί</em></strong></span> <span class='ocrx_word' id='word_1_262' title='bbox 532 3609 700 3694; x_wconf 86' lang='grc' dir='ltr'><strong><em>τράπεζαι</em></strong></span> <span class='ocrx_word' id='word_1_263' title='bbox 723 3611 878 3672; x_wconf 88' lang='grc' dir='ltr'><strong><em>ἐτίθεντο</em></strong></span> <span class='ocrx_word' id='word_1_264' title='bbox 888 3657 903 3688; x_wconf 86' lang='grc'><strong><em>,</em></strong></span> <span class='ocrx_word' id='word_1_265' title='bbox 925 3604 944 3691; x_wconf 88' lang='grc' dir='ltr'><strong><em>ή</em></strong></span> <span class='ocrx_word' id='word_1_266' title='bbox 968 3609 1031 3671; x_wconf 78' lang='grc' dir='ltr'><strong><em>τοῦ</em></strong></span> <span class='ocrx_word' id='word_1_267' title='bbox 1053 3606 1156 3680; x_wconf 84' lang='grc' dir='ltr'><strong><em>τόξου</em></strong></span> <span class='ocrx_word' id='word_1_268' title='bbox 1179 3609 1262 3692; x_wconf 78' lang='grc' dir='ltr'><strong><em>βολὴ</em></strong></span> <span class='ocrx_word' id='word_1_269' title='bbox 1284 3630 1344 3692; x_wconf 93' lang='grc' dir='ltr'><strong><em>μη-</em></strong></span> 
     </span>
     <span class='ocr_line' id='line_1_33' title="bbox 123 3709 1344 3800; baseline -0.001 -22"><span class='ocrx_word' id='word_1_270' title='bbox 123 3713 202 3778; x_wconf 82' lang='grc' dir='ltr'><strong><em>νύει.</em></strong></span> <span class='ocrx_word' id='word_1_271' title='bbox 252 3716 293 3780; x_wconf 75' lang='lat' dir='ltr'><strong><em>Ol</em></strong></span> <span class='ocrx_word' id='word_1_272' title='bbox 316 3715 378 3798; x_wconf 84' lang='grc' dir='ltr'><strong><em>γάρ</em></strong></span> <span class='ocrx_word' id='word_1_273' title='bbox 402 3721 583 3800; x_wconf 88' lang='grc' dir='ltr'><strong><em>μνηστῆρες</em></strong></span> <span class='ocrx_word' id='word_1_274' title='bbox 614 3721 650 3778; x_wconf 84' lang='grc' dir='ltr'><strong><em>ἐν</em></strong></span> <span class='ocrx_word' id='word_1_275' title='bbox 681 3719 729 3796; x_wconf 76' lang='grc' dir='ltr'><strong><em>τῷ</em></strong></span> <span class='ocrx_word' id='word_1_276' title='bbox 760 3719 965 3799; x_wconf 80' lang='grc' dir='ltr'><strong><em>προκειμένην</em></strong></span> <span class='ocrx_word' id='word_1_277' title='bbox 991 3710 1108 3788; x_wconf 73' lang='grc' dir='ltr'><strong><em>αεῗτοίς</em></strong></span> <span class='ocrx_word' id='word_1_278' title='bbox 1133 3710 1235 3796; x_wconf 82' lang='grc' dir='ltr'><strong><em>άγώνι</em></strong></span> <span class='ocrx_word' id='word_1_279' title='bbox 1259 3709 1344 3777; x_wconf 88' lang='grc' dir='ltr'><strong><em>άπα-</em></strong></span> 
     </span>
     <span class='ocr_line' id='line_1_34' title="bbox 125 3807 1345 3907; baseline -0.001 -24"><span class='ocrx_word' id='word_1_280' title='bbox 125 3821 332 3906; x_wconf 85' lang='grc' dir='ltr'><strong><em>πειρώμενοι</em></strong></span> <span class='ocrx_word' id='word_1_281' title='bbox 363 3807 450 3884; x_wconf 84' lang='grc' dir='ltr'><strong><em>κατά</em></strong></span> <span class='ocrx_word' id='word_1_282' title='bbox 482 3822 542 3906; x_wconf 89' lang='grc' dir='ltr'><strong><em>τήν</em></strong></span> <span class='ocrx_word' id='word_1_283' title='bbox 572 3821 704 3907; x_wconf 73' lang='grc' dir='ltr'><strong><em>θύραν,</em></strong></span> <span class='ocrx_word' id='word_1_284' title='bbox 735 3818 782 3885; x_wconf 79' lang='grc' dir='ltr'><strong><em>δι’</em></strong></span> <span class='ocrx_word' id='word_1_285' title='bbox 813 3811 850 3905; x_wconf 87' lang='grc' dir='ltr'><strong><em>ῆς</em></strong></span> <span class='ocrx_word' id='word_1_286' title='bbox 873 3829 909 3884; x_wconf 82' lang='grc' dir='ltr'><strong><em>ἐκ</em></strong></span> <span class='ocrx_word' id='word_1_287' title='bbox 934 3825 990 3905; x_wconf 90' lang='grc' dir='ltr'><strong><em>τῆς</em></strong></span> <span class='ocrx_word' id='word_1_288' title='bbox 1015 3815 1116 3904; x_wconf 77' lang='grc' dir='ltr'><strong><em>αιίλῆς</em></strong></span> <span class='ocrx_word' id='word_1_289' title='bbox 1138 3818 1345 3904; x_wconf 88' lang='grc' dir='ltr'><strong><em>είσήρχοντο,</em></strong></span> 
     </span>
     <span class='ocr_line' id='line_1_35' title="bbox 125 3918 1344 4011; baseline 0 -21"><span class='ocrx_word' id='word_1_290' title='bbox 125 3933 243 3991; x_wconf 84' lang='grc' dir='ltr'><strong><em>τείνειν</em></strong></span> <span class='ocrx_word' id='word_1_291' title='bbox 268 3933 306 3991; x_wconf 89' lang='grc' dir='ltr'><strong><em>ιδ</em></strong></span> <span class='ocrx_word' id='word_1_292' title='bbox 332 3927 432 4002; x_wconf 85' lang='grc' dir='ltr'><strong><em>τόξον</em></strong></span> <span class='ocrx_word' id='word_1_293' title='bbox 455 3931 513 3990; x_wconf 79' lang='grc' dir='ltr'><strong><em>καὶ</em></strong></span> <span class='ocrx_word' id='word_1_294' title='bbox 542 3929 680 4009; x_wconf 77' lang='grc' dir='ltr'><strong><em>βάλλειν</em></strong></span> <span class='ocrx_word' id='word_1_295' title='bbox 710 3930 757 4003; x_wconf 84' lang='grc' dir='ltr'><strong><em>είς</em></strong></span> <span class='ocrx_word' id='word_1_296' title='bbox 788 3934 849 3992; x_wconf 86' lang='grc' dir='ltr'><strong><em>τδν</em></strong></span> <span class='ocrx_word' id='word_1_297' title='bbox 873 3929 1021 4005; x_wconf 87' lang='grc' dir='ltr'><strong><em>σκοπόν,</em></strong></span> <span class='ocrx_word' id='word_1_298' title='bbox 1054 3922 1090 4001; x_wconf 76' lang='grc' dir='ltr'><strong><em>ὃς</em></strong></span> <span class='ocrx_word' id='word_1_299' title='bbox 1113 3918 1153 4011; x_wconf 83' lang='grc' dir='ltr'><strong><em>ῆν</em></strong></span> <span class='ocrx_word' id='word_1_300' title='bbox 1175 3925 1344 3990; x_wconf 84' lang='grc' dir='ltr'><strong><em>ἐνδοτάτω</em></strong></span> 
     </span>
     <span class='ocr_line' id='line_1_36' title="bbox 124 4030 1346 4122; baseline -0.001 -26"><span class='ocrx_word' id='word_1_301' title='bbox 124 4037 180 4118; x_wconf 89' lang='grc' dir='ltr'><strong><em>τῆς</em></strong></span> <span class='ocrx_word' id='word_1_302' title='bbox 214 4030 454 4122; x_wconf 83' lang='grc' dir='ltr'><strong><em>άνδρωνίτιδος</em></strong></span> <span class='ocrx_word' id='word_1_303' title='bbox 492 4041 689 4115; x_wconf 77' lang='grc' dir='ltr'><strong><em>τεθειμένος</em></strong></span> <span class='ocrx_word' id='word_1_304' title='bbox 719 4034 815 4120; x_wconf 84' lang='grc' dir='ltr'><strong><em>παρὰ</em></strong></span> <span class='ocrx_word' id='word_1_305' title='bbox 847 4038 896 4118; x_wconf 78' lang='grc' dir='ltr'><strong><em>τηῖ</em></strong></span> <span class='ocrx_word' id='word_1_306' title='bbox 926 4031 1140 4114; x_wconf 81' lang='grc' dir='ltr'><strong><em>άντικειμίνῳ</em></strong></span> <span class='ocrx_word' id='word_1_307' title='bbox 1172 4043 1272 4116; x_wconf 78' lang='grc' dir='ltr'><strong><em>τοίχῳ</em></strong></span> <span class='ocrx_word' id='word_1_308' title='bbox 1304 4037 1346 4122; x_wconf 77' lang='grc' dir='ltr'><strong><em>τῇ</em></strong></span> 
     </span>
    </p>
   </div>
   <div class='ocr_carea' id='block_1_7' title="bbox 124 4253 1342 4495">
    <p class='ocr_par' dir='ltr' id='par_1_7' title="bbox 124 4253 1342 4495">
     <span class='ocr_line' id='line_1_37' title="bbox 171 4253 1342 4352; baseline -0.002 -30"><span class='ocrx_word' id='word_1_309' title='bbox 171 4346 175 4352; x_wconf 26' lang='grc' dir='ltr'>Ι</span> <span class='ocrx_word' id='word_1_310' title='bbox 213 4270 239 4336; x_wconf 79' lang='grc' dir='ltr'><strong><em>ι)</em></strong></span> <span class='ocrx_word' id='word_1_311' title='bbox 258 4261 310 4322; x_wconf 75' lang='grc' dir='ltr'><strong><em>ὀε</em></strong></span> <span class='ocrx_word' id='word_1_312' title='bbox 329 4274 359 4324; x_wconf 86' lang='lat' dir='ltr'><strong><em>P.</em></strong></span> <span class='ocrx_word' id='word_1_313' title='bbox 380 4253 494 4323; x_wconf 78' lang='grc' dir='ltr'><strong><em>σεο-ι.</em></strong></span> <span class='ocrx_word' id='word_1_314' title='bbox 514 4276 578 4337; x_wconf 58' lang='lat' dir='ltr'><strong><em>nep.</em></strong></span> <span class='ocrx_word' id='word_1_315' title='bbox 600 4267 647 4320; x_wconf 71' lang='grc' dir='ltr'><strong><em>καὶ</em></strong></span> <span class='ocrx_word' id='word_1_316' title='bbox 665 4270 780 4320; x_wconf 81' lang='grc' dir='ltr'><strong><em>τεο-τ.</em></strong></span> <span class='ocrx_word' id='word_1_317' title='bbox 836 4267 863 4333; x_wconf 82' lang='lat'><strong><em>2)</em></strong></span> <span class='ocrx_word' id='word_1_318' title='bbox 881 4260 932 4320; x_wconf 74' lang='grc' dir='ltr'><strong><em>ὀε</em></strong></span> <span class='ocrx_word' id='word_1_319' title='bbox 956 4271 988 4330; x_wconf 79' lang='grc' dir='ltr'><strong><em>ν,</em></strong></span> <span class='ocrx_word' id='word_1_320' title='bbox 1010 4267 1123 4320; x_wconf 79' lang='grc' dir='ltr'><strong><em>νοτ-ο.</em></strong></span> <span class='ocrx_word' id='word_1_321' title='bbox 1186 4267 1213 4334; x_wconf 82' lang='lat'><strong><em>3)</em></strong></span> <span class='ocrx_word' id='word_1_322' title='bbox 1231 4265 1282 4318; x_wconf 80' lang='grc' dir='ltr'><strong><em>οε.</em></strong></span> <span class='ocrx_word' id='word_1_323' title='bbox 1304 4270 1342 4320; x_wconf 85' lang='lat' dir='ltr'><strong><em>x.</em></strong></span> 
     </span>
     <span class='ocr_line' id='line_1_38' title="bbox 124 4357 979 4425; baseline -0.005 -15"><span class='ocrx_word' id='word_1_324' title='bbox 124 4361 220 4412; x_wconf 76' lang='lat'>21-5.</span> <span class='ocrx_word' id='word_1_325' title='bbox 283 4359 364 4425; x_wconf 81' lang='lat' dir='ltr'>4).A.</span> <span class='ocrx_word' id='word_1_326' title='bbox 385 4361 457 4423; x_wconf 80' lang='lat' dir='ltr'>Birt,</span> <span class='ocrx_word' id='word_1_327' title='bbox 477 4357 575 4412; x_wconf 79' lang='lat' dir='ltr'>Geseh.</span> <span class='ocrx_word' id='word_1_328' title='bbox 596 4357 624 4408; x_wconf 82' lang='lat' dir='ltr'><strong><em>d.</em></strong></span> <span class='ocrx_word' id='word_1_329' title='bbox 644 4357 734 4408; x_wconf 74' lang='lat' dir='ltr'><strong>Bauk.</strong></span> <span class='ocrx_word' id='word_1_330' title='bbox 753 4360 769 4419; x_wconf 67' lang='grc' dir='ltr'><strong>ξ</strong></span> <span class='ocrx_word' id='word_1_331' title='bbox 789 4359 821 4408; x_wconf 83' lang='grc'><strong><em>11</em></strong></span> <span class='ocrx_word' id='word_1_332' title='bbox 841 4358 895 4409; x_wconf 83' lang='grc' dir='ltr'><strong><em>στί.</em></strong></span> <span class='ocrx_word' id='word_1_333' title='bbox 918 4357 979 4407; x_wconf 75' lang='lat'>213.</span> 
     </span>
     <span class='ocr_line' id='line_1_39' title="bbox 1096 4444 1129 4495; baseline 0 -18"><span class='ocrx_word' id='word_1_334' title='bbox 1096 4444 1129 4495; x_wconf 75' lang='lat'><strong><em>3*</em></strong></span> 
     </span>
    </p>
   </div>
   <div class='ocr_carea' id='block_1_8' title="bbox 0 0 1562 4810">
    <p class='ocr_par' dir='ltr' id='par_1_8' title="bbox 0 0 1562 4810">
     <span class='ocr_line' id='line_1_40' title="bbox 0 0 1562 4810; baseline 0 0"><span class='ocrx_word' id='word_1_335' title='bbox 0 0 1562 4810; x_wconf 95' lang='lat' dir='ltr'><strong><em> </em></strong></span> 
     </span>
    </p>
   </div>
  </div>
 </body>
</html>
