3114 4810
783 257 824 319 52

189 431 297 496 Ἔνθα
322 431 360 516 δὴ
384 429 540 513 σταθμὸς
569 415 632 512 μέν
663 431 753 494 ἐστιν
783 427 803 514 ἡ
827 431 884 512 τῆς
915 428 1024 514 θύρας
1047 428 1239 515 παραστάς,
1271 429 1418 494 κᾶπειτα

196 539 230 602 δὲ
255 537 336 624 αὐτη
360 535 380 623 ἦ
403 537 511 624 θύρα·
535 545 625 618 τέγος
644 537 683 600 ’δέ
706 532 726 619 ἦ
750 541 807 622 τῆς
823 536 1095 617 γυναικωνίτιδος
1119 531 1226 620 ὀροφὴ
1249 539 1307 599 καί
1330 539 1419 602 κατὰ

196 645 395 728 συνεκδοχην
425 641 446 728 ἤ
477 649 705 725 γυναικωνῖτις
715 647 751 725 1).
797 645 863 706 Καί
892 648 1000 706 ταῦτα
1031 641 1132 705 ἱκανά
1164 638 1208 706 ἂν
1231 633 1280 728 ἦν,
1312 643 1343 706 εἰ
1373 643 1419 728 μὴ

196 741 298 824 αὖθις
322 751 454 836 ἑτέρους
477 749 587 836 ἑτάρων
612 743 719 822 ἄλλως
749 746 792 811 τά
815 751 873 831 τῆς
900 749 1010 834 θύρας
1032 749 1275 831 ἐξηγουμένους.
1325 753 1419 813 Φασὶ

195 857 256 941 γὰρ
279 857 339 921 τόν
361 881 397 920 τε
422 855 583 938 σταθμόν
614 858 671 918 καί
702 845 740 918 τό
771 859 863 935 τέγος
893 859 948 918 ἐπὶ
979 854 1300 935 κατασκευάσματός
1326 879 1419 930 τινος

199 963 377 1044 τετάχθαι,
409 959 428 1028 ό
460 961 528 1049 πρό
551 963 612 1026 τοῦ
634 967 748 1025 κοινοῦ
771 965 885 1042 τοίχου
908 965 965 1024 καί
993 967 1049 1044 τῆς
1079 961 1190 1047 θύρας
1222 958 1418 1045 φ’κοδόμητο

195 1069 328 1134 τοιόνδε
359 1091 426 1132 που
456 1067 515 1152 τὴν
545 1069 646 1132 ἰδέαν.
695 1065 772 1132 Ἀπό
803 1073 864 1130 τοῦ
894 1074 1007 1153 ἐτέρου
1040 1067 1087 1140 εἰς
1117 1066 1177 1130 τόν
1206 1068 1320 1153 ἕτερον
1350 1071 1420 1132 τῶν

195 1175 347 1256 πλαγίων
369 1179 490 1255 τοίχων
513 1182 647 1255 στοῖχον
678 1167 757 1238 ὅλον
787 1173 907 1238 κιόνων
938 1168 1041 1246 εὐθὺς
1071 1173 1158 1253 μετά
1188 1173 1246 1257 τὴν
1270 1173 1420 1258 ἐσχάραν

196 1285 251 1345 καί
275 1281 371 1367 παρά
394 1282 453 1345 τὸν
476 1280 589 1344 κοινὸν
610 1287 723 1360 τοῖχον
746 1283 894 1343 τιθέασι.
943 1278 1029 1354 Τούς
1051 1285 1168 1359 μέντοι
1191 1284 1306 1355 κίονας
1330 1277 1418 1343 οἶίτω

195 1389 424 1468 διατιθέασιν,
450 1383 537 1451 όίστε
560 1385 636 1460 τούς
659 1387 867 1470 ἑκατέρωθεν
890 1387 947 1447 καί
970 1385 1124 1448 ἐναντίου
1146 1391 1204 1470 τῆς
1227 1387 1335 1471 θύρας
1359 1386 1418 1450 δύο

196 1495 401 1573 ἱσταμένους1
417 1488 527 1556 αὐτῶν
548 1497 711 1555 τοσοῦτον
728 1487 879 1576 άλλήλων
903 1486 1050 1572 άπέχειν,
1075 1489 1159 1555 ὅσον
1181 1489 1220 1555 τό
1238 1499 1294 1576 τῆς
1309 1491 1419 1576 θύρας

196 1589 292 1686 εὖρός
315 1599 416 1664 ἐστιν.
452 1595 579 1684 Ὥσπερ
604 1587 664 1662 σύν
688 1594 706 1662 ό
731 1597 842 1670 κοινός
864 1607 989 1685 τοῖχος.
1004 1598 1052 1671 εἰς
1076 1597 1134 1661 δύο
1157 1603 1239 1683 μέρη
1263 1603 1302 1686 τῇ
1326 1598 1419 1683 θύρᾳ

198 1707 392 1790 διαιρεῖται,
422 1705 481 1769 τόν
509 1700 612 1768 αὐτόν
641 1703 770 1789 τρόπον
801 1707 858 1766 καί
882 1701 900 1766 ό
923 1701 1138 1788 παράλληλος
1169 1700 1262 1787 αύτῷ
1285 1713 1419 1786 στοῖχος

197 1818 265 1877 τῶν
295 1811 427 1893 κιόνων,
460 1800 505 1874 τόν
534 1813 573 1874 τὸ
597 1815 660 1890 μὲν
683 1811 719 1872 ἰν
742 1811 848 1890 δεξιᾷ,
879 1809 917 1872 τό
951 1809 987 1872 δὲ
1019 1810 1054 1871 έν
1079 1805 1243 1896 ἀριστερᾷ
1273 1810 1417 1892 ἵδρυται.

195 1916 337 1992 Μεταξὺ
369 1918 404 1980 δέ
434 1923 501 1980 τοῖν
533 1915 656 1980 κιόνων
685 1919 742 1979 καί
771 1922 831 1978 τοῦ
869 1920 982 1998 τοίχου
1013 1916 1173 2001 ἑκατέρας
1202 1919 1323 1998 μοίρας
1352 1915 1417 1988 τάς

194 2023 380 2106 μεσόδμας,
404 2022 501 2086 καθά
525 2017 622 2086 αύτοί
645 2046 679 2104 γε
701 2021 893 2103 βούλονται,
917 2024 965 2096 εἰς
987 2033 1075 2111 τιψος
1099 2023 1321 2103 οἰκοδομοῦσι,
1344 2043 1436 2104 κρεη

194 2130 348 2215 μάθραις
386 2126 526 2211 όμοίας,
566 2133 605 2192 αἳ
639 2128 807 2212 τοσαύτην
844 2129 958 2214 χάραν
995 2130 1094 2215 κενὴν
1128 2129 1215 2192 κατὰ
1244 2127 1282 2192 τὸ
1312 2134 1417 2208 μέσον

196 2233 253 2300 ἀπ’
286 2221 436 2322 άλληλων
467 2234 711 2316 διαλείπουσιν,
744 2231 826 2298 όσον
850 2225 954 2310 αὖθις
976 2235 1015 2300 τό
1047 2260 1084 2298 τε
1109 2241 1165 2319 τῆς
1188 2235 1298 2320 θύρας
1323 2222 1417 2316 εῧρος

196 2347 253 2406 καί
276 2341 315 2406 τό
340 2341 509 2425 διάστημα
533 2349 600 2406 τῶν
622 2343 833 2426 ἑκατέρωθεν
856 2335 959 2426 αὐτῆς
982 2341 1172 2423 ἱσταμένων
1195 2341 1325 2406 κιόνων.
1360 2335 1420 2412 Ἐξ

195 2449 355 2533 ἑκατέρου
380 2438 459 2511 δἀύ
481 2447 608 2512 τούτων
631 2454 698 2512 τῶν
729 2447 850 2510 κιόνων
872 2452 971 2532 μέχρι
1001 2451 1061 2512 τοῦ
1083 2453 1199 2512 κοινοῦ
1221 2452 1334 2528 τοίχου
1358 2443 1418 2508 δύο

196 2553 325 2636 πλάγια
358 2555 503 2634 τοιχίδια
535 2553 637 2616 ένθεν
667 2557 725 2616 καί
755 2555 856 2617 ένθεν
887 2553 975 2617 κατά
1013 2553 1074 2628 τοίς
1105 2553 1330 2641 παραστάδας
1360 2557 1421 2636 τῆς

195 2659 305 2746 θύρας
328 2659 649 2740 κατασκευάζουσιν,
681 2655 768 2722 δίστε
798 2659 981 2746 προστῷόν
1012 2685 1045 2724 τι
1075 2661 1163 2724 κατὰ
1194 2659 1251 2744 τὴν
1281 2659 1420 2723 εἰσόδου

195 2763 425 2831 άποτελεῖται.
465 2768 531 2830 Καὶ
546 2770 682 2830 τοιοῦτο
706 2771 765 2848 μὲν
788 2765 826 2830 τό
851 2764 931 2832 ὅλον
954 2767 1229 2850 κατασκεύασμα,
1254 2762 1273 2830 ό
1296 2769 1419 2846 τέγος

194 2869 249 2938 ὑπ’
288 2869 398 2936 αὐτόν
437 2871 601 2936 καλεῖται.
650 2873 703 2936 Τόι
742 2874 777 2936 δέ
815 2879 897 2960 μέρη
936 2871 1040 2938 αότού
1076 2874 1192 2957 μυχός,
1230 2871 1417 2956 μέλαθρον,

194 2979 384 3062 μεσόδμαι·
418 2984 528 3060 ,τέγος
558 2977 738 3044 aedificium
769 2979 851 3044 illud
882 2983 1003 3046 craticii
1027 2983 1144 3068 operis,
1173 2981 1265 3066 cujus
1288 2979 1419 3044 inferior

194 3109 269 3174 pars
292 3085 380 3173 apud
402 3087 581 3150 Homerum
603 3085 705 3167 μυχός
731 3097 919 3172 usurpatur,
951 3089 1098 3174 superior
1128 3085 1306 3170 μέλαθρον
1329 3095 1363 3149 et
1385 3085 1415 3148 in

196 3193 325 3258 Ulixeis
348 3189 483 3256 aedibus
506 3191 681 3273 μεσόδμας
710 3195 871 3280 utrimque
894 3193 1009 3258 affixas
1033 3193 1287 3279 complectitur.“
1336 3195 1418 3254 Στα·

109 3289 113 3298 ’
199 3297 309 3380 θμοός
333 3299 367 3361 δὲ
398 3297 539 3361 καλοῦσι
569 3297 649 3373 τοὺς
679 3301 891 3386 ἑκατέρωθεν
921 3303 979 3385 τῆς
1012 3297 1145 3363 εἰσόδου
1176 3303 1236 3360 τοῦ
1267 3288 1418 3382 μυχοῦἢ

195 3405 377 3488 προστηίου
400 3408 526 3485 κίονας,
550 3401 629 3485 μεθ’
654 3401 710 3481 οὓς
732 3405 776 3470 τά
799 3405 948 3488 τοιχίδιά
970 3407 1053 3470 ἐστι.
1095 3411 1213 3469 Ταῦτα
1231 3405 1277 3486 δέ,
1301 3399 1418 3488 όίσπερ

196 3515 252 3574 καὶ
275 3511 311 3574 έν
334 3519 407 3584 τοῖς
430 3512 630 3597 έμπροσθεν
653 3513 780 3596 είρηταί
795 3536 865 3594 μοι,
889 3515 928 3604 τῇ
950 3517 1060 3602 γενικῇ
1082 3515 1194 3591 τοίχου
1217 3516 1278 3574 τοῦ
1302 3511 1418 3594 ἑτέρου

196 3623 356 3682 νοεῖσθαι
378 3616 562 3698 βούλονται
572 3624 611 3703 2).
647 3615 765 3684 Ἕνδον
791 3610 860 3701 οὖν,
885 3623 982 3701 φασί,
1005 3623 1068 3680 τοῦ
1090 3616 1270 3702 προστῴου
1295 3615 1418 3678 τούτου

194 3721 215 3808 ἡ
239 3723 416 3808 Πηνελόπη
442 3720 481 3788 ού
503 3723 610 3806 μόνον
631 3725 762 3806 ἵστατο,
795 3723 896 3789 όπότε
920 3725 955 3787 ἐκ
978 3727 1039 3787 τοῦ
1069 3721 1224 3810 όπερηίου
1247 3725 1418 3804 καταβαίη

196 3833 254 3893 καί
293 3837 366 3905 τοῖς
404 3831 508 3923 ἰντῇ
539 3827 752 3916 άνδρωνίτιδι
791 3832 900 3895 εἰπεῖν
938 3853 970 3893 τι
1008 3829 1201 3915 βουληθείη,
1242 3825 1329 3892 άλλὰ
1360 3831 1419 3890 καὶ

284 4113 312 4185 1)
331 4111 382 4186 ὅρα
402 4109 523 4170 ἰίιίστάθ.
551 4116 582 4166 ἰν
607 4108 656 4166 Όδ.
678 4117 711 4169 Α,
738 4115 794 4168 σελ.
821 4119 899 4179 1421,
921 4120 947 4170 1.
985 4119 1079 4188 Ἡσυχ,
1105 4119 1137 4168 ἰν
1155 4119 1208 4172 τοῖς
1232 4114 1311 4180 δνομ.
1332 4115 1418 4182 τέγος,

195 4205 270 4274 τέγη.
343 4204 369 4270 2)
396 4205 510 4270 Rumpf,
535 4203 621 4256 altera
644 4221 707 4270 pars
733 4212 875 4258 comment.
903 4206 936 4259 de
961 4207 1021 4260 aed.
1049 4208 1130 4260 Hom.
1156 4203 1211 4258 σελ.
1239 4206 1272 4256 36
1297 4221 1324 4257 κ.
1351 4201 1418 4266 ἑξῆς,

196 4295 230 4346 80
249 4309 274 4344 κ.
298 4288 365 4356 ἑξῆς.
386 4292 538 4356 Winekler,
564 4293 608 4344 die
627 4293 746 4344 Wohnh.
768 4294 795 4346 d.
817 4295 959 4360 Hellenen,
984 4294 1038 4349 σελ.
1062 4297 1095 4348 35
1121 4312 1146 4346 κ.
1168 4291 1238 4359 ἑξῆς.
1276 4293 1368 4344 Amnis
1388 4293 1419 4344 ἰν

111 4423 114 4430 ,
157 4389 160 4396 “
194 4373 245 4433 m.
266 4384 300 4434 Σ.
321 4397 391 4450 οτιχ.
415 4383 476 4432 150.
