3114 4810
781 187 822 252 68

194 361 309 441 κενόν,
341 359 545 443 ἐμβάλλουσι
578 360 665 424 κατὰ
696 361 736 426 τὸ
766 365 873 441 μέσον
903 361 1037 435 ξύλινον
1063 366 1191 449 σφήνα,
1215 355 1415 447 δνὍμηρος

194 468 312 552 κληῖδα
336 468 472 549 καλιῑί).
521 466 587 532 Τὸν
611 462 718 531 αύιδν
741 469 775 532 δὲ
805 467 934 552 τρόπον
958 469 995 534 αἱ
1016 469 1125 552 θύραι
1149 472 1207 532 καὶ
1228 467 1331 532 πύλαι
1353 473 1415 531 νῦν

190 574 414 656 μοχλοῠνται,
446 577 501 638 καί
534 571 664 638 ὁπόταν
695 568 743 650 οἷς
773 576 877 655 μόνος
906 576 1033 658 μοχλὸς
1057 565 1086 667 ᾖ.
1132 575 1249 640 Πάλαι
1273 575 1308 638 δὲ
1337 570 1414 638 άντλ

190 688 251 746 τοῦ
274 681 403 766 σφηνὸς
426 682 550 766 σιδηρᾷ
571 683 749 766 βαλάνφλ
749 687 889 767 χρωντο,
917 679 956 768 ήν
986 683 1044 747 διὰ
1067 682 1234 768 τρήματος
1258 677 1329 745 άπὸ
1352 681 1415 744 τοῦ

189 789 318 916 μοχλοῦ
341 789 389 863 τίς
411 785 471 872 τήν
493 787 602 875 πύλην
625 789 797 874 διήκοντος
827 793 1046 870 δνοτίθεσαν,
1077 785 1163 853 ὥστε
1194 791 1255 853 τόν
1285 787 1415 868 μοχλὸν

190 890 431 978 άμοτακίνητου
454 889 553 959 εἶναι
598 891 678 959 ’Am
703 897 738 959 δὲ
760 901 817 980 τής
839 896 993 976 βαλάνου
1015 896 1136 984 ταύτης
1161 893 1180 960 ό
1204 895 1301 978 παρὰ
1327 897 1414 960 Θου-

189 1001 302 1090 κυδίδη
320 999 514 1077 Πλαταιεύς
538 1009 707 1087 στυρακίῳ
735 999 947 1068 α’κοντίουί
916 1003 1038 1082 εςτδν
1054 1003 1180 1085 μοχλόν
1201 1001 1415 1086 χρησάμενος

188 1106 250 1182 τὰς
273 1105 381 1182 πύλας
404 1109 553 1172 ἔκλεισεν
562 1115 600 1191 2).
624 1105 809 1174 ’Ἐντεῦθεν
833 1111 888 1172 καλ
919 1107 1168 1195 όΠαρμτνίδης
1191 1133 1286 1194 παρα
1278 1108 1412 1190 Σέξτῳ

189 1219 236 1296 τηῖ
265 1215 448 1299 ὲμπειρικρῖ
485 1213 551 1278 τὸν
576 1207 704 1298 μοχλὸν
736 1215 933 1299 βαλανωτδν
965 1211 1049 1300 όχῆα
1081 1217 1221 1294 καλοῖῧ).
1270 1221 1346 1280 Τῶν
1379 1211 1413 1278 δ’

190 1309 235 1384 αδ
257 1325 376 1405 θυρῶν
399 1326 455 1385 καὶ
478 1321 594 1386 πυλῶν
619 1318 913 1403 α’ναπεπταμίνιον
936 1321 956 1388 ό
978 1322 1101 1404 μοχλὸς
1118 1320 1179 1404 ούχ
1203 1319 1325 1408 ὁρᾶται
1349 1319 1410 1386 ἅτε

190 1427 228 1512 δή
259 1432 307 1504 τίς
337 1427 397 1513 τήν
429 1423 579 1493 ὄπισθεν
608 1431 645 1494 ἐν
676 1435 724 1512 τῷ
753 1434 854 1514 τοίχῳ
887 1429 1033 1515 κρύπτην
1063 1428 1314 1503 καταδεδυκώς·
1355 1429 1413 1493 διὰ

188 1537 288 1599 τούτο
314 1531 333 1599 ό
356 1540 414 1620 τής
436 1535 548 1621 θύρας
570 1539 631 1600 τοῦ
653 1535 817 1617 θαλάμου
847 1531 1026 1622 τήςἭρας
1055 1535 1199 1616 μοχλός,
1222 1533 1411 1618 Ἡφαίστου

190 1638 235 1704 τόν
265 1647 431 1728 τέχνημα,
462 1642 551 1726 κληῒς
581 1643 709 1729 κρυπτὴ
739 1639 806 1708 ύπὸ
837 1649 900 1706 τοῦ
932 1645 1078 1726 ποιητοῦ
1112 1643 1411 1724 ἐπονομάζεταιλ).

192 1743 240 1813 Ού
262 1749 370 1836 μόνον
394 1747 428 1812 δὲ
452 1749 633 1834 κλείθροις,
665 1743 751 1812 α’λλδ
784 1752 838 1811 καὶ
868 1749 1006 1829 μοχλοῖς
1027 1756 1159 1835 μικροῖς
1187 1755 1243 1815 καὶ
1270 1754 1414 1832 κούφοις

189 1855 228 1918 αἱ
248 1855 353 1941 θύραι
376 1859 475 1918 τινῶν
498 1855 668 1934 θαλάμων
691 1854 903 1940 ἐξήρτννται,
932 1852 1047 1939 ὥσπερ
1073 1853 1093 1919 ό
1116 1855 1265 1941 κρυπτὸς
1286 1855 1413 1936 μοχλός

188 1963 245 2044 τής
268 1960 379 2046 θύρας
401 1967 464 2038 τοῦ
486 1961 650 2042 θαλάμου
673 1970 731 2048 τῆς
746 1959 851 2047 Ἥρας
869 1965 988 2045 σαφῶς
1010 1966 1109 2027 τούτο
1135 1965 1291 2027 δείκνυσι.
1333 1969 1411 2028 Τοι-

189 2066 274 2150 ούτφ
300 2066 339 2154 δή
362 2065 478 2153 μοχλῷ
500 2069 620 2155 μικρὸν
650 2069 718 2153 πρὸ
750 2073 814 2134 τοῦ
837 2071 945 2153 φόνου
976 2075 1044 2135 τῶν
1073 2071 1271 2156 μνηστήρων
1293 2072 1410 2147 ἐπεζά-

188 2195 300 2255 χωσαν
339 2175 484 2240 ἔνδοθεν
523 2175 559 2240 αλ
595 2185 744 2258 χυναΐκος
773 2177 832 2260 τήν
868 2176 980 2263 κοινήν
1011 2181 1053 2268 τή
1082 2180 1338 2259 γυναικωνίτιδι.
1358 2181 1412 2241 καλ

188 2277 400 2366 ανδρωνίτιδι
423 2284 589 2366 θόρανῦ).
626 2283 666 2346 Αἱ
689 2285 724 2346 δὲ
754 2284 861 2368 θύραι
893 2289 951 2367 τῆς
973 2280 1074 2367 ου’λής
1105 2287 1156 2346 καὶ
1182 2308 1217 2348 αι
1210 2284 1348 2348 “πύλαι
1373 2281 1414 2348 ού

186 2385 372 2471 κλείθροις,
397 2385 513 2472 ὥσπερ
544 2392 634 2461 τινὲς
665 2385 723 2451 ούκ
749 2384 864 2472 όρθιός
891 2390 1128 2514 βούλονταιθ),
1161 2387 1247 2454 α’λλδι
1269 2391 1414 2472 μοχλοῖς

187 2489 307 2572 μόνοις
329 2481 587 2577 ἐξηρτυμέναι
569 2513 663 2577 ησαν.

276 2666 372 2740 1)όρα
391 2672 432 2723 La
451 2673 551 2738 Roehe‚
571 2671 601 2724 ἐν
619 2667 663 2724 Ἰλ.
683 2670 724 2724 Μ.
746 2689 788 2726 στι
779 2691 819 2742 ιχ.
841 2677 902 2726 456.
972 2670 1001 2744 2)
1021 2678 1046 2736 2,
1068 2679 1093 2744 4,
1113 2681 1138 2728 4.
1199 2678 1226 2744 3)
1245 2679 1323 2736 Σέξι.
1343 2675 1414 2749 πρὸς

187 2758 314 2830 λογικούς
331 2762 363 2812 Α.
386 2760 441 2813 σελ.
463 2763 523 2813 213.
546 2778 618 2831 σιιχ.
640 2765 674 2813 24
694 2763 736 2814 ed.
756 2764 873 2814 Bekker.
934 2763 962 2830 4)
980 2755 1023 2817 Ἰλ.
1043 2761 1075 2823 Ε.
1100 2767 1159 2817 168.
1180 2757 1232 2833 δρα
1251 2759 1413 2824 αύιόθιιιαὶ

188 2849 229 2900 La
248 2849 353 2904 Boche.
415 2850 442 2917 ὅ)
461 2843 505 2902 ’οδ
533 2853 570 2907 Φ.
591 2855 707 2906 235-9.
764 2854 792 2917 6)
812 2853 972 2906 Friedreich
990 2853 1106 2906 Realien
1126 2852 1181 2906 σιλ.
1203 2857 1263 2908 302.

463 3233 543 3326 (όρα
566 3241 609 3303 τά
634 3239 669 3304 ἐν
692 3241 741 3322 τηῖ
763 3238 849 3304 τέλει
872 3237 1135 3328 διαγράμματα.)
