3114 4810
827 174 868 238 60

236 351 343 432 μίτρα
367 348 493 431 ἐφόδια
518 345 836 434 α’ποκομίζονταιί).
884 345 932 412 Ού
947 346 1012 432 μην
1036 343 1124 412 άλλοί
1147 351 1200 411 καί
1223 344 1466 424 τόὈδυσσέως

236 454 356 536 τόξον,
389 451 408 518 ὃ
438 455 595 536 λαβοῦσα
626 451 647 539 ἦ
678 453 858 539 Πηνελόπη
891 459 986 538 φέρει
1016 462 1090 528 τοῖς
1120 460 1156 518 ἐν
1179 457 1218 539 τῆ
1243 450 1466 538 ἀνδρωνίτιδι

236 566 447 647 μνηστῆρσιν
469 563 504 626 ἐν
527 566 575 643 τῷ
597 564 764 648 θησαυρῷ
793 561 901 643 τούτῳ
924 560 1010 642 μετά
1043 569 1111 624 τῶν
1142 558 1252 625 ἄλλων
1282 563 1466 647 κειμηλίων

237 667 450 750 ἐφυλάσσετο
461 675 498 749 2).
540 664 685 752 Ὁμήρου
709 670 746 730 δὲ
769 671 825 731 ἐπί
841 676 910 731 τοῖν
934 666 1109 731 εἰσιόντων
1125 672 1173 742 εἰς
1195 669 1256 734 τόν
1279 670 1465 756 θησαυρόν

236 779 284 856 τῷ
307 780 530 856 καταβαίνειν
552 783 762 862 χρησαμένου
773 780 797 856 ³)
829 775 914 838 εὐιοι
944 779 1006 852 μὲν
1034 773 1244 860 ὑπειλήφασι
1266 773 1306 838 τό
1331 776 1465 859 ἰδαφος

238 875 346 946 αύτοῦ
368 882 562 968 βαθύτερον
584 890 647 946 τού
670 887 738 944 τιύν
762 879 872 945 ἄλλων
895 879 1066 958 θαλάμων
1085 878 1298 945 ὑποκεῖσθαι
1321 888 1381 947 καί
1405 885 1463 948 διά

237 992 339 1051 τούτο
363 987 556 1069 κατάβασιν
580 993 627 1062 εἰς
651 984 756 1052 αὐτὸν
779 987 831 1051 διά
855 1009 955 1050 τινων
970 989 1153 1068 βαθμίδων
1168 993 1354 1070 γίγνεσθαι,
1377 990 1460 1055 ἔνιοι

239 1097 275 1159 δὲ
304 1099 361 1158 καί
393 1093 475 1159 όλον
504 1095 565 1159 τδν
589 1075 760 1176 ’θάλαμον
789 1092 857 1158 ύπὸ
888 1093 948 1178 τὴν
980 1095 1089 1157 οἰκίαν
1126 1101 1163 1158 ἐν
1192 1097 1234 1186 τῇ
1265 1102 1305 1186 γῇ
1337 1093 1452 1178 ηίκοδο-

237 1206 419 1284 μῆσθαιί).
463 1199 553 1283 Ἐμοί
585 1205 620 1266 δὲ
652 1198 811 1293 ούῑδοκεῐ
838 1199 1036 1285 χρήσασθαι
1068 1199 1125 1264 διά
1149 1210 1252 1266 τοῦτο
1285 1208 1334 1284 τῷ
1359 1227 1454 1266 κατα-

238 1312 383 1388 βαίνειν,
408 1305 496 1374 οἷλλοί
519 1309 652 1390 μᾶλλον
675 1307 731 1370 διά
756 1306 817 1371 τὸν
840 1301 952 1387 ούδόν,
977 1302 1014 1379 ὃς
1038 1303 1133 1390 ὀλίγῳ
1157 1304 1369 1395 ύψηλότερος
1394 1313 1459 1374 τῶν

240 1409 349 1478 ἄλλων
375 1413 486 1481 ούδῶν
507 1406 557 1499 ἦν,
582 1411 668 1479 όόστε
685 1414 763 1489 τούς
786 1413 957 1488 εἰσιόντας
980 1417 1036 1476 καί
1059 1409 1257 1495 ἀναβαίνειν
1280 1419 1336 1479 καί
1359 1440 1463 1480 κατα-

238 1526 369 1604 βαίνειν
393 1523 470 1588 ἰδει.
520 1525 707 1607 Τοιγαροῦν
737 1529 817 1607 περὶ
847 1525 904 1604 τῆς
927 1519 1121 1604 Πηνελόπης
1145 1521 1192 1595 εἰς
1215 1521 1275 1585 τόν
1298 1523 1463 1606 θάλαμον
1540 1570 1544 1597 ,

239 1637 363 1694 τοῦτον
401 1629 546 1694 εἰσιέναι
583 1629 788 1712 βουλομένης
821 1623 838 1690 ὃ
871 1627 1012 1709 ποιητὴς
1042 1627 1150 1713 είρηκε
1182 1627 1220 1692 τό
1254 1623 1387 1694 ούδόν
1416 1655 1463 1694 τε
1539 1612 1543 1631 ¹

240 1735 417 1822 δρύϊνον
440 1734 793 1820 προσεβήσετοῡ).
1538 1710 1543 1777 ἰ

700 1873 831 1943 Θάλαμος
849 1875 1005 1932 Ὀδυσσέως.
1538 1792 1543 1923 λ

332 1977 428 2047 Ολίτω
451 1987 512 2062 μὲν
536 1981 575 2066 δὴ
599 1981 659 2045 τόν
676 1984 754 2066 περί
769 1987 836 2044 τοῖν
851 1979 1022 2062 θαλάμων
1045 1981 1174 2045 τούτων
1189 1980 1283 2063 λόγον
1306 1987 1464 2046 ἐνταῦθα
1537 1964 1543 2021 ἰ

240 2089 388 2175 περόνας
412 2089 499 2175 πρὸς
523 2085 605 2152 αύτό
631 2087 670 2152 τὸ
695 2097 754 2174 τῆς
778 2090 885 2163 οἰκίας
908 2087 1002 2163 τέλος
1026 2082 1182 2170 άφῐγμαι.
1223 2084 1465 2154 Ὑπολείπεται
1540 2088 1544 2139 Ι

241 2197 278 2259 δέ
300 2219 359 2276 μοι
383 2198 431 2260 ἐ’τι
454 2199 584 2282 βραχέα
615 2200 726 2260 εἰπεῖν
757 2197 814 2258 καί
844 2196 922 2280 περί
952 2201 1065 2280 ἑτέρου
1088 2193 1269 2277 θαλάμου,
1298 2191 1335 2258 ὃν
1360 2193 1465 2272 αύτὸς
1537 2212 1543 2265 Ι

242 2301 262 2367 ό
298 2299 473 2376 Ὀδυσσεύς
510 2302 602 2366 πάνυ
633 2308 812 2388 περιέργως
844 2297 1047 2385 φ’κοδόμησε.
1111 2300 1244 2365 Τούτου
1276 2293 1335 2366 οὖν
1365 2303 1465 2367 ἕνεκα

240 2410 275 2474 ἰν
305 2414 353 2492 τρί’
384 2406 628 2490 άναγνωρισμρῑ
658 2414 844 2494 πεποίηται
875 2405 951 2472 άντί
983 2404 1093 2472 άλλων
1125 2407 1302 2490 συμβόλων
1331 2409 1375 2473 τοί
1407 2419 1464 2494 τῆς

241 2520 450 2600 κατασκευῆς
474 2509 579 2578 αύτού
601 2517 642 2604 τῇ
664 2516 792 2594 γυναικί
818 2503 882 2577 ὦδε
906 2510 1139 2600 άφηγούμενος

418 2655 529 2726 θάμνος
549 2659 602 2726 ἔφυ
620 2651 795 2724 τανύφυλλος
812 2656 900 2722 ἐλαίης
920 2657 1010 2728 λ’ρκεος
1029 2653 1112 2720 ἐντός,

417 2741 542 2818 α’κμηνύς
559 2746 707 2798 θαλέθων·
728 2743 844 2816 πάχετος
864 2739 894 2797 δ’
912 2737 945 2810 ἦν
963 2741 1023 2812 η’ύτε
1042 2751 1117 2798 κίων.

354 2831 357 2840 ’
417 2834 454 2906 τῴ
473 2829 502 2888 δ’
521 2833 575 2904 ἐγὼ
595 2829 766 2904 άμφιβαλών
785 2831 918 2905 θάλαμον
937 2835 1032 2903 δέμον,
1051 2829 1116 2906 ὄφρ’
1135 2836 1268 2903 ἐτέλεσσα,

420 2925 541 2994 κεινῇσι
559 2919 711 2983 λιθάδεσσι,
734 2924 780 2974 καί
798 2914 828 2976 εύ
846 2921 1026 2993 καθύπερθεν
1045 2925 1140 2991 ἔρεψα,
1317 2901 1328 2922 ⁹

419 3011 549 3079 κολλητύς
569 3010 593 3065 δ
617 3013 738 3076 ἐπέθηκα
757 3007 856 3084 θύρας,
877 3012 998 3070 πυκινῶς
1016 3009 1158 3085 ἀραρυίας.

421 3104 466 3154 καί
485 3099 543 3156 τότ’
562 3100 648 3156 ἔπειτ’
666 3096 794 3168 ἀπέκοψα
813 3098 904 3169 κόμην
923 3097 1096 3168 τανυφύλλου
1114 3101 1211 3166 ἐλαίης,

419 3189 525 3260 κορμὸν
545 3185 575 3244 δ’
594 3193 624 3243 ἐκ
644 3191 714 3263 ῥίζης
731 3187 883 3257 προταμιύν
901 3190 1048 3258 α’μφέξεσα
1065 3187 1163 3260 χαλκηῖ

419 3272 447 3334 τύ
466 3282 512 3332 καί
530 3282 726 3346 ἐπισταμένως,
748 3279 794 3330 καί
813 3277 855 3330 bui
874 3275 1005 3351 στάθμην
1023 3281 1118 3340 ἰθυνα,

420 3363 508 3438 ἑρμῖν’
528 3363 658 3435 αόιιήσας,
678 3371 790 3440 τέτρηνα
810 3367 839 3420 δὲ
857 3365 948 3421 πάντα
967 3372 1090 3440 τερέτρῳ.

418 3459 448 3510 ἐκ
468 3458 497 3512 δὲ
515 3455 565 3511 τού
582 3451 737 3528 α’ρχόμενος
755 3456 835 3526 λέχος
853 3453 935 3519 ἔξεον,
957 3449 1023 3527 ὄφρ’
1042 3456 1175 3516 ἰτίλεοσα,

419 3543 573 3600 δαιδάλλων
592 3543 689 3616 χρυσῷ
707 3563 734 3598 τε
753 3546 800 3598 καί
818 3542 930 3616 άργύρῳ
949 3539 994 3610 ἧδ’
1013 3545 1144 3614 ἐλέφαντι
1152 3545 1182 3611 ⁶).

239 3663 333 3734 ’Ἐστι
356 3673 472 3732 τοίνυν
496 3667 516 3732 ό
539 3668 701 3747 θάλαμος
724 3658 822 3743 οὗτος
852 3667 991 3746 κοιταίν,
1023 3669 1083 3741 ίξω
1113 3671 1176 3748 μὲν
1199 3674 1260 3732 τοῦ
1284 3667 1378 3732 οἰκον
1402 3676 1469 3734 κεί-

240 3797 351 3857 μενος,
375 3775 471 3850 ἐντός
494 3776 529 3839 δὲ
559 3797 619 3838 του
649 3775 782 3861 ἕρκους·
815 3781 871 3838 καί
901 3775 963 3860 γάρ
995 3777 1073 3857 περί
1103 3773 1163 3858 τὴν
1193 3776 1311 3839 ἐλαίαν
1343 3771 1469 3857 ρίκοδό-

241 3905 454 3916 ———-——

332 3956 358 4023 1)
377 3949 427 4009 ’001
449 3958 543 4007 B.33'1
564 3972 589 4007 κ.
604 3953 673 4016 ἑξῆς.
729 3954 757 4021 ο)
773 3947 825 4006 ὀε
848 3957 884 4006 ψ.
901 3956 917 4006 8
937 3971 963 4006 κ.
984 3951 1052 4019 ἑξῆς.
1109 3953 1136 4021 3)
1156 3947 1197 4006 ’τι
1219 3958 1251 4007 z,
1266 3955 1327 4005 288.
1349 3957 1386 4006 α.
1404 3961 1467 4009 191.

239 4036 289 4096 ὀα
309 4049 339 4100 ε,
361 4047 422 4098 εει.
451 4048 482 4099 ο.
502 4045 544 4099 ου.
624 4047 653 4108 4)
674 4043 794 4107 munch,
819 4043 899 4094 Anm.
926 4047 950 4110 1,
977 4043 1030 4096 σα.
1063 4047 1124 4098 112.
1169 4043 1329 4094 Friedreioh
1348 4045 1468 4096 Reauen

241 4136 268 4185 2.
289 4134 355 4184 Heft
373 4133 428 4187 σελ.
450 4137 511 4186 306.
550 4134 584 4186 Α.
605 4135 678 4197 Hirt,
704 4131 802 4185 Gesch.
830 4133 856 4182 d.
876 4133 1027 4198 Baukunst,
1053 4131 1141 4184 1σελ.
1161 4133 1212 4182 215
1231 4133 1246 4193 ἕ
1266 4131 1310 4185 12.
1348 4133 1467 4196 Kranae,

241 4222 423 4273 Deinokrates
448 4222 502 4274 σελ.
529 4225 590 4274 500.
642 4221 784 4284 Winkler‚
810 4219 855 4270 die
880 4220 999 4272 Wohnh.
1026 4222 1074 4272 der
1098 4219 1173 4272 Hell.
1200 4219 1254 4271 σελ.
1281 4223 1315 4272 54
1339 4237 1367 4278 κ.
1394 4219 1465 4286 ἑξῆς.

241 4308 269 4376 ι)
288 4301 340 4362 ³06.
363 4312 400 4363 Φ.
421 4314 465 4372 43,
486 4316 551 4382 πρε.
572 4312 638 4361 εεε
657 4310 695 4360 ιι.
714 4301 763 4360 ὀε
784 4311 814 4357 Β.
837 4311 897 4360 εει.
954 4310 981 4375 ε)
998 4303 1048 4361 ὀε
1073 4311 1107 4357 ψ.
1129 4310 1278 4359 τοο-τοο.
