3114 4810
831 274 905 336 44.

238 443 482 530 ὀἷφικνεῖσθαι,
506 451 727 531 πρῶτονμὲν
750 445 789 510 τὸ
815 440 896 509 ίίλον
918 448 977 509 τού
999 446 1146 530 μεγάρου
1169 449 1273 532 μῆκος
1297 445 1343 512 δι’
1368 446 1490 536 αὐτῆς

243 553 380 635 ἕξομεν,
413 548 487 617 εἶτα
519 555 555 616 δέ
587 558 649 616 τοῦ
681 545 762 617 δλου
786 552 949 617 ἐπιπέδου
982 551 1068 616 κατὰ
1094 553 1132 618 τύ
1155 560 1259 638 μῆκος
1284 561 1487 636 νοουμένου

244 660 283 724 τύ
323 665 437 746 τρίτον
474 667 591 745 με’ρος,
623 655 641 724 δ
670 658 799 742 μεταξύ
838 662 900 723 τοῦ
929 661 1044 744 ἑτέρου
1075 666 1142 724 τοῖν
1174 661 1324 744 πλαγίων
1347 669 1487 746 τοίχων

243 771 298 830 καί
322 771 379 851 τῆς
402 761 539 841 εύθείας
563 767 684 852 ταύτης
708 774 815 830 κεῖται
839 765 987 847 πλινθίῳ
1013 772 1240 852 παρεμφερές.
1279 764 1344 832 Ἢν
1368 766 1404 833 δ’
1434 763 1486 837 αὖ

243 874 329 953 μετὰ
354 879 453 936 τοῦτο
477 877 597 958 ἑτέραν
625 877 666 963 τῇ
696 873 813 963 πρώτη
844 872 1063 958 παράλληλον
1093 871 1277 960 νοήσωμεν,
1302 871 1390 940 ὥστε
1418 887 1484 944 καί

243 979 369 1065 ταύτην
391 981 491 1064 ἕτερα
517 979 576 1044 δύο
600 979 644 1064 μη
669 979 776 1060 μόνον
800 974 967 1062 α’λλήλοις,
1000 975 1086 1044 α’λλδι
1109 983 1164 1042 καί
1189 983 1235 1062 τῷ
1259 983 1384 1066 πρώτῳ
1410 989 1483 1050 ἑκοί

244 1109 350 1173 τερον,
376 1084 522 1169 α’κριβεδς
544 1087 604 1150 ίσα
628 1085 775 1150 πλινθία
798 1081 1020 1172 ὑπογράφειν,
1051 1083 1201 1170 θοίτερον
1224 1092 1287 1166 μέν
1312 1084 1386 1154 α’πδ
1412 1099 1482 1159 τοῦ

244 1194 358 1277 έτέρου
390 1183 432 1258 αὖ
463 1198 530 1256 των
561 1193 710 1274 πλαγίων
740 1195 863 1274 τοίχων
901 1201 996 1282 μέχρι
1027 1196 1084 1277 τῆς
1124 1195 1280 1280 δευτέρας
1318 1192 1481 1280 εὐθείας,

246 1294 398 1384 θύίτερου
429 1302 466 1364 δὲ
498 1296 568 1364 α’πδ
600 1297 723 1382 ταύτης
752 1302 851 1382 μέχρι
882 1299 1024 1383 ἐκείνης,
1056 1293 1073 1362 ὃ
1104 1303 1160 1362 καί
1191 1299 1230 1364 τύ
1260 1308 1479 1379 μεσαίτατύν

245 1411 346 1486 ἐστιν,
370 1411 417 1482 είς
440 1415 528 1492 τρεῖς
550 1409 674 1491 μοίρας
696 1405 774 1480 ’ίσας
798 1404 836 1470 τὸ
862 1401 941 1470 ὅλον
965 1407 1022 1488 τῆς
1046 1401 1287 1490 α’νδρωνίτιδος
1303 1415 1471 1477 ἐπίπεδον

246 1513 512 1598 διαιρεθήσεται.
562 1509 659 1576 Οἶίτω
689 1511 727 1596 δη
752 1517 790 1575 τδ
815 1504 982 1575 ’ἐπίπεδον
1012 1513 1131 1576 διελεῖν
1154 1513 1232 1589 τούς
1264 1522 1382 1594 κίονας
1410 1524 1462 1582 νῦν

246 1612 434 1704 διατίθημι.
478 1616 511 1684 ‘0
534 1624 597 1701 μέν
629 1607 689 1682 σύν
719 1617 815 1703 παρὰ
840 1622 879 1709 τῇ
910 1619 1040 1704 ἐσχάρα
1067 1623 1147 1682 κίων
1178 1622 1235 1686 ἐπὶ
1265 1625 1322 1708 τῆς
1353 1625 1465 1711 ἑτέρας

246 1729 314 1790 τοῖν
345 1721 508 1804 εύθειοῖν,
542 1719 655 1807 ὥσπερ
687 1724 833 1810 εἴρηται,
864 1726 950 1788 ἐστί·
982 1726 1041 1789 τὸν
1073 1727 1109 1788 δέ
1138 1727 1255 1812 ἕτερον
1284 1734 1406 1815 τίθημι
1437 1737 1472 1794 έν

245 1836 293 1917 τῴ
317 1837 408 1915 μέσῳ
433 1828 507 1917 ἤτοι
530 1837 588 1916 τῆς
612 1827 724 1916 αὐτῆς,
749 1825 808 1912 ἐφ’
831 1819 868 1914 ἧς
891 1835 946 1894 καί
964 1828 983 1896 ὁ
998 1833 1112 1918 ἕτερος
1135 1829 1154 1918 ἢ
1178 1835 1233 1898 έπῖ
1257 1838 1315 1920 τῆς
1336 1837 1472 1924 ἑτέρας·
1538 1853 1540 1910 ι

246 1935 344 2005 ούδέν
380 1938 442 2023 γὰρ
477 1937 597 2002 κωλύει
627 1942 684 2000 καὶ
716 1934 822 2013 ούτως
852 1939 989 2002 ἐννοεῖν.
1038 1944 1102 2003 Καὶ
1132 1940 1193 2002 έοίν
1223 1946 1283 2014 μέν
1313 1945 1370 2004 ἐπί
1411 1947 1474 2029 τῆς

247 2042 349 2130 αδτῆς
380 2040 593 2129 α’μῳοτέρους
623 2047 763 2125 θῶμεν,
800 2040 926 2128 α’νοίγκη
959 2044 1045 2108 κατὰ
1078 2045 1138 2110 τδυ
1172 2045 1228 2129 τῆς
1258 2053 1473 2132 συμμετρίας

246 2153 345 2234 λόγον
369 2155 424 2215 καὶ
449 2156 563 2238 τρίτον
586 2157 683 2215 κίονα
716 2161 808 2216 νοεῖν
832 2148 1052 2237 ὑπάρχοντα,
1083 2153 1245 2216 τοσοῦτον
1276 2145 1365 2231 ὅμως
1390 2147 1470 2216 α’πὸ

246 2263 308 2324 τού
332 2266 368 2324 ἐν
391 2261 439 2341 τῷ
461 2263 551 2340 μέσῳ
576 2253 760 2339 α’πέχουτα,
785 2255 934 2346 δσονπερ
960 2257 980 2324 δ
1003 2259 1099 2345 παρδ
1124 2261 1164 2350 τῇ
1179 2257 1306 2344 ἐσχάρᾳ
1329 2257 1467 2338 ἐκείνου,

245 2372 301 2430 καί
325 2365 412 2429 κατὰ
436 2363 496 2448 τὴν
518 2365 635 2450 έτέραν
666 2369 732 2428 τῶν
762 2368 889 2445 γωνιῶν
912 2365 1105 2450 ἱδρυμένον,
1138 2367 1179 2429 αδ
1197 2367 1231 2429 έκ
1258 2368 1318 2428 τοῦ
1341 2370 1472 2445 τοίχου,

248 2468 295 2537 δι’
321 2462 360 2535 ού
384 2468 402 2555 ἦ
427 2471 558 2543 ἔξωθεν
582 2469 732 2551 εἴσοδος,
761 2474 817 2534 καί
846 2472 1004 2558 ἑκατέρου
1027 2476 1094 2536 τῶν
1118 2473 1269 2554 πλαγίων
1292 2477 1471 2534 συνίστων·
1535 2441 1539 2550 ί

246 2603 313 2643 ται.
357 2574 435 2642 Ἔδν
456 2573 488 2640 δ’
513 2567 556 2640 αύ
571 2577 615 2660 μὴ
639 2577 769 2662 ἐπίσης
793 2571 906 2662 αύτῆς,
930 2574 1007 2641 ἀλλ’
1030 2586 1067 2642 έν
1090 2582 1139 2662 τῳ
1161 2585 1251 2659 μέσῳ
1276 2582 1334 2662 τῆς
1356 2578 1471 2662 ἑτέρας

247 2682 386 2760 εύθείας
411 2681 517 2748 αύτδν
541 2687 670 2764 θῶμεν,
693 2683 737 2768 μὴ
761 2685 832 2765 ἕνα,
857 2679 933 2748 ἀλλ’
956 2689 1090 2770 ἑτέρους
1107 2685 1165 2750 δύο
1182 2684 1269 2750 κατοί
1287 2684 1348 2749 τδν
1367 2680 1471 2748 αὐτὸν

247 2794 346 2874 λόγον
370 2795 425 2856 καί
449 2795 602 2856 ἐνταῦθα
629 2799 720 2854 νοεῖν
739 2792 800 2870 δεῖ,
824 2789 984 2876 ἑκάτερον
1007 2792 1093 2880 πρὸς
1116 2794 1259 2875 ἑκατέρᾳ
1283 2798 1349 2856 τοῖν
1374 2787 1469 2875 α’λλή-

247 2900 322 2974 λαις
346 2895 585 2978 α’ντικειμένων
615 2902 741 2980 γωνιιδν
772 2897 956 2978 ἱστάμενον
986 2903 1043 2963 καὶ
1073 2900 1148 2964 ίσον
1180 2889 1284 2976 αύθις
1316 2895 1386 2963 α’πδ
1410 2903 1480 2962 τοῦ.

247 3007 282 3070 έν
305 3011 354 3089 τῷ
377 3010 467 3087 μέσῳ
492 3009 652 3094 τεθέντος
685 2999 877 3086 α’πέχοντα,
902 3003 988 3069 ὥστε
1003 3005 1081 3082 τούς
1104 3008 1238 3082 ποίντας
1262 3013 1349 3091 τρεῖς
1372 2999 1464 3068 εἶναι.

212 3167 214 3171 1
247 3112 349 3178 Μετὰ
377 3113 412 3176 δέ
436 3115 557 3192 τούτο,
587 3111 643 3175 ’ίνα
669 3109 777 3196 ἡτῶν
808 3111 929 3175 κιόνων
960 3108 1173 3194 α’ντιστοιχία
1205 3113 1330 3196 πλήρης
1353 3100 1389 3202 ᾖ,
1412 3112 1458 3174 ίπί

248 3223 306 3304 τῆς
328 3221 445 3305 ἑτέρας
476 3213 632 3298 εύθείας,
663 3213 721 3300 ἐφ’
745 3207 782 3303 ἧς
807 3215 826 3280 ύ
857 3217 955 3305 παρὰ
986 3223 1025 3310 τῇ
1055 3219 1185 3304 ἐσχάρα
1217 3224 1295 3282 κίων
1325 3216 1466 3301 ἵδρυται,

248 3327 381 3411 ἑτέρους
406 3325 465 3390 δύο
489 3329 626 3390 τιθέναι
649 3324 720 3408 χρη,
746 3322 787 3388 δν
810 3349 845 3406 γε
870 3325 908 3411 δὴ
940 3326 1070 3409 τρόπον
1093 3329 1149 3390 καὶ
1171 3323 1330 3409 πρόσθεν
1352 3320 1466 3386 ύποτι-
1533 3317 1534 3347 ¹

249 3437 392 3511 θέμενοι
424 3428 549 3508 αύτούς
579 3434 722 3513 ἔθεμεν,
751 3431 809 3496 ἵνα
842 3433 1037 3513 σύμπαντες
1068 3432 1100 3495 οί
1132 3432 1167 3494 έν
1197 3433 1236 3521 τῇ
1261 3427 1469 3515 ἀνδρωνίτιδι

248 3546 357 3614 κίονες
380 3540 417 3612 ἕξ
440 3539 478 3602 τὸ
504 3540 637 3623 πλῆθος
660 3528 751 3602 ιδσιν.
788 3534 915 3624 Ὥσπερ
941 3531 1002 3604 οὖν
1026 3539 1061 3601 αί
1085 3533 1221 3602 εύθεῑαι
1243 3537 1282 3602 τὸ
1307 3538 1467 3600 ἐπίπεδον

248 3645 307 3712 τὸν
330 3640 437 3710 αύτὸν
459 3645 591 3730 τρόπον
615 3643 805 3730 α’μῳότεροι
837 3645 869 3709 οί
893 3650 961 3709 τῶν
992 3645 1114 3710 κιύνων
1145 3655 1277 3728 στοῖχοι
1308 3643 1367 3728 τὴν
1390 3640 1469 3726 ὅλην
1531 3649 1532 3665 ’

249 3750 448 3838 ἀνδρωνῖτιν
471 3752 517 3826 είς
542 3759 629 3836 τρεῖς
658 3758 782 3837 μοίρας
814 3756 872 3816 νῦν
904 3753 1113 3838 διαιροῦσιν,
1142 3754 1190 3829 είς
1220 3777 1256 3816 τε
1284 3751 1343 3834 τὴν
1366 3755 1399 3814 έν
1420 3754 1470 3832 τῳ
1530 3745 1531 3825 ί

244 3870 350 3944 με’σῳ,
375 3887 392 3945 η
419 3854 626 3942 οἷμῳοτέροις
649 3867 720 3932 τοῖς
737 3861 804 3924 τῶν
828 3859 949 3924 ιιιύνωυ
972 3866 1121 3950 στοίχοις
1144 3856 1391 3945 περιβάλλεται,
1412 3862 1469 3920 καί

249 3973 295 4041 εἰς
319 3967 380 4042 τὰς
405 3966 464 4031 δύο
489 3963 576 4028 κατὰ
601 3963 644 4028 τοί
668 3963 812 4047 πλιίγια,
846 3955 893 4030 ὦν
922 3966 1062 4053 ἑκατέρα
1087 3972 1134 4052 τῷ
1163 3971 1265 4051 ἑτέρῳ
1294 3965 1362 4026 ταῖν
1384 3963 1466 4026 πλα-

249 4080 326 4156 γίων
349 4079 471 4156 τοίχων
503 4076 559 4136 καί
589 4075 656 4136 των
687 4077 830 4154 στοίχων
854 4077 922 4136 τοῖν
952 4073 1073 4138 κιόνων
1096 4079 1299 4160 περιέχεται.
1345 4069 1464 4134 Βουλό-

249 4203 350 4260 μενος
373 4183 408 4244 δέ
432 4183 552 4264 σαφῶς
575 4182 630 4242 καί
655 4179 829 4258 συντόμως
853 4178 915 4254 τὰς
938 4185 1025 4245 κατοί
1050 4180 1092 4244 τὰ
1119 4180 1245 4260 πλοίγια
1262 4183 1321 4264 τῆς
1344 4173 1463 4261 α’νδρω-

249 4286 374 4360 νίτιδος
411 4293 534 4372 μοίρας
572 4285 714 4369 φράζειν
755 4280 885 4368 ιίττορίᾳ
930 4283 1033 4351 ι’ίλλου
1077 4286 1261 4370 δηλωτικού
1303 4281 1463 4364 ὀνόματος

250 4399 414 4481 πτέρυγας
445 4395 549 4474 καλοῖ,
589 4382 636 4458 ὦν
666 4390 685 4478 ἡ
716 4397 779 4472 μέν
811 4393 918 4474 δεξιά,
948 4391 967 4478 η“
1000 4396 1037 4456 δέ
1068 4388 1231 4474 α’ριστερὰ
1263 4395 1311 4474 τῳ
1342 4392 1463 4464 ἔξωθεν
1525 4473 1526 4476 γ
