3114 4810
846 243 885 307 62

815 423 913 488 Σιέγη.

339 536 525 618 Ἑπόμενον
548 537 582 606 δ’
613 537 656 606 άν
687 541 736 625 ε’ίη
768 549 840 618 τοῖς
871 543 1055 627 εἰρημένοις
1085 546 1215 627 βραχέα
1248 543 1297 606 έτι
1319 545 1400 628 περί
1425 550 1488 628 τῆς

255 650 368 732 στέγης
391 651 448 711 καί
475 653 544 712 τῶν
574 650 692 732 θυροίν
722 653 841 712 εἰπεῖν.
891 648 937 713 Τὸ
969 653 1032 727 μὲν
1062 639 1121 712 οὖν
1151 649 1248 712 ένδον
1277 653 1335 732 τῆς
1367 656 1488 736 στέγης
1544 691 1545 734 η

255 752 294 817 τὸ
326 757 414 837 πρὸς
444 758 483 818 τδ
514 755 645 837 έδαφος
674 754 802 836 βλέπον
834 753 960 839 ὀροφή,
998 754 1037 818 τὸ
1069 757 1104 818 δέ
1135 755 1199 827 ἔξω
1230 753 1269 819 τὸ
1303 755 1389 841 πρὸς
1420 756 1487 822 τὸν

256 857 404 944 ούρανδν
427 864 520 940 τέγος
549 863 751 940 καλεῖται’).
796 867 977 944 Συνέστηκε
1002 863 1038 924 δέ
1062 857 1079 946 ἡ
1104 866 1196 943 στέγη
1227 863 1261 924 έκ
1290 869 1354 926 τοῦ
1376 865 1484 942 μελά-

255 970 354 1051 θρου,
378 970 445 1030 τοῖν
467 990 505 1030 τε
528 969 710 1050 μεσοδμων
726 969 867 1031 καὶτῶν
892 969 1011 1049 δοκῶν,
1035 972 1091 1032 καί
1107 973 1142 1030 ἐκ
1165 972 1228 1032 τού
1252 973 1481 1055 στεγαστῆρος

254 1070 423 1151 καλάμου.
471 1078 535 1138 Καὶ
558 1077 636 1160 περὶ
659 1079 721 1153 μὲν
743 1077 811 1138 τῶν
833 1076 1015 1154 μεσοδμών
1037 1077 1177 1138 καὶτῶν
1201 1075 1308 1139 δοκῶν
1332 1079 1388 1138 καί
1408 1080 1477 1140 τῶν

254 1179 463 1264 έρεισμάτων
498 1187 536 1243 έν
573 1189 645 1256 τοῖς
684 1183 882 1267 έμπροσθιν
926 1180 1059 1268 εἰρηκα·
1105 1182 1258 1245 ἐνταῦθα
1298 1183 1334 1244 δέ
1373 1187 1472 1246 τοῦτο

253 1273 360 1363 μόνον
382 1275 605 1372 προστίθημι,
630 1283 673 1364 τίς
697 1288 734 1352 αί
757 1289 850 1352 δοκοί
874 1289 932 1374 τῆς
952 1283 1134 1362 Ὀδυσσέως
1159 1283 1399 1374 άνδρωνίτιδος
1421 1294 1478 1353 καί

254 1397 312 1478 τῆς
331 1386 498 1474 Ἀχιλλέως
530 1397 650 1480 σκηνῆς
680 1394 828 1458 έλάτινοι
858 1385 992 1480 η’σανί).
1035 1390 1070 1458 ‘0
1093 1396 1130 1458 δέ
1160 1394 1344 1480 στεγαστηρ
1373 1395 1481 1459 κάλα·

254 1520 327 1579 μος,
351 1494 392 1563 ὃν
415 1495 520 1576 εύθύς
543 1509 617 1575 ταῖς
641 1503 764 1582 δοκοῖς,
789 1500 905 1588 ὥσπερ
923 1501 1064 1586 πλέγμα,
1081 1505 1299 1582 ἐπετίθεσαν,
1322 1502 1482 1565 καλεῖται

254 1601 390 1688 ὄροφος.
441 1607 593 1690 Τοιούτιρ
611 1610 647 1672 δὲ
665 1603 782 1692 ὀρόφῳ
805 1607 827 1694 ἡ
847 1606 1013 1689 Ἀχιλλέως
1029 1606 1131 1691 σκηνὴ
1148 1613 1372 1694 έστεγασμένη
1388 1597 1428 1692 ἦν
1441 1615 1481 1695 ³).

249 1707 290 1774 ‘H
314 1712 351 1774 δέ
374 1712 559 1795 ἐπιφάνεια
592 1719 654 1804 τού
676 1725 788 1796 τέγους
818 1705 858 1800 ἧν
882 1711 992 1799 ύμαλη
1023 1718 1075 1778 καί
1100 1713 1143 1788 τίς
1165 1719 1274 1778 εἰπεῖν
1296 1717 1479 1789 ἐπίπεδος·

252 1822 409 1906 τοιοῦτον
430 1818 493 1903 γάρ
517 1810 556 1904 ἧν
578 1820 618 1883 τὸ
642 1825 735 1904 τέγος
765 1827 822 1906 τῆς
846 1825 954 1896 οἰκίας
976 1824 1034 1906 τῆς
1058 1825 1186 1906 Κίρκης,
1214 1815 1272 1902 ἐφ’
1296 1816 1314 1883 δ’
1337 1815 1480 1900 άναβάς
1541 1864 1544 1913 5

255 1918 459 2010 ύἜλπήνωρ
484 1925 705 2016 κατεκλίνηί).
754 1930 794 1992 Οἱ
818 1930 854 1992 δέ
886 1924 1115 2012 νῦνἝλληνες
1138 1925 1199 2000 τοίς
1221 1928 1383 1999 τοιαύτας
1407 1929 1484 1990 τῶν
1541 1940 1544 1953 “

255 2034 380 2111 στεγῶν
413 2030 555 2109 δείματα
586 2034 765 2108 καλοῦντες
797 2024 860 2100 ὦδε
895 2033 1195 2108 κατασκευάζουσι.
1242 2036 1383 2116 Πρῶτον
1414 2038 1483 2112 μὲν
1541 2036 1543 2049 “

160 2223 165 2232 1
254 2135 384 2216 πλέγμα
407 2137 568 2218 καλάμων
599 2143 652 2204 ἐπὶ
683 2147 750 2206 τῶν
781 2145 891 2206 δοκεῖν
921 2146 1098 2221 τιθέασιν,
1132 2136 1151 2204 δ’
1174 2138 1374 2224 καλαμωτὴυ
1400 2134 1479 2201 ὀνο·

252 2241 434 2321 μάζουσιν,
467 2239 540 2308 εἶτα
565 2247 600 2310 δέ
633 2247 719 2332 φύκη
751 2231 932 2312 θαλάσσια
964 2253 1018 2313 ἐπὶ
1048 2253 1108 2312 τοῦ
1138 2246 1328 2330 πλέγματος
1352 2265 1474 2331 στρων·

252 2348 399 2431 νύοοοιν,
422 2347 482 2433 ἐφ’
506 2341 552 2416 τίν
575 2356 632 2438 γῆν
647 2379 724 2418 τινα
747 2352 973 2439 ύπόγλισχρον
993 2353 1264 2439 ἐπιφορήσαντες
1288 2351 1477 2438 κολίνδροις

252 2454 398 2529 λιθίνοις
422 2462 616 2541 πυκνουσιν,
640 2460 697 2524 ἵνα
722 2461 817 2544 ἰκανη
841 2451 863 2552 ᾖ
886 2462 1042 2546 ἰσχυρούς
1067 2456 1217 2544 ὄμβρους
1240 2459 1379 2539 άμύναι.
1431 2453 1474 2522 θύ

252 2560 318 2646 μὴν
342 2556 428 2626 άλλδι
459 2567 515 2628 καί
541 2567 603 2641 τὰς
634 2562 766 2655 ύψηλὰς
797 2570 853 2631 καί
883 2566 1065 2642 ἐπικλιυείς
1095 2576 1211 2647 στέγας
1224 2563 1370 2652 ’Όμηρος
1395 2560 1474 2630 οἶδε.

252 2668 364 2752 Δῆλον
388 2670 423 2733 δέ
447 2676 546 2735 τοῦτο
570 2673 606 2748 ἐξ
628 2662 675 2738 τίν
706 2677 783 2760 περὶ
814 2679 872 2760 τῆς
901 2673 1045 2750 Αίαντος
1076 2677 1131 2738 καί
1153 2669 1333 2748 Ὀδυσσέως
1364 2671 1475 2757 πάλης

253 2780 289 2840 ἐν
306 2769 421 2841 Ἰλιάδι
443 2778 550 2864 εἰρηκε

503 2923 653 2990 ζωσαμένω
672 2917 703 2975 δ’
722 2919 776 2996 ἄρα
795 2923 866 2994 τύγε
878 2921 965 2994 βάτην
983 2927 1011 2982 ές
1028 2928 1133 2997 μέσσον
1152 2918 1260 2994 άγῶνα,

502 3005 593 3078 άγκάς
611 3008 639 3064 δ’
658 3007 783 3079 άλλήλων
801 3014 916 3082 λαβέτην
932 3015 1012 3085 χερσί
1030 3011 1191 3086 στιβαρῇσιν

502 3101 537 3157 νίς
555 3095 592 3152 δι’
611 3096 776 3172 ἀμείβοντες,
798 3098 859 3160 τούς
877 3121 904 3157 τε
923 3100 1018 3160 κλυτὸς
1037 3099 1119 3176 ἤραρε
1137 3103 1246 3164 τίκτων,

501 3184 627 3258 δώματος
645 3193 766 3257 ύψηλοΐο,
787 3192 847 3260 βίας
866 3187 978 3261 άνέμων
998 3185 1165 3258 άλεείνωνῡ).

251 3301 361 3371 ’Ἐνθα
385 3307 424 3394 δὴ
448 3310 534 3375 κατά
559 3311 637 3390 τοὺς
659 3313 828 3391 παλαιούς
852 3315 883 3379 οί
908 3311 1106 3396 άμείβοντές
1121 3318 1188 3378 εἰσι
1212 3313 1294 3388 ξύλα
1315 3313 1475 3392 ἑκατέρω-

253 3415 318 3476 θεν
340 3421 409 3479 τοῖν
431 3423 551 3499 τοίχων
574 3415 729 3506 άλλήλοις
753 3417 1010 3508 άντερειδύμενα
1033 3421 1118 3506 πρὸς
1141 3418 1179 3484 τὸ
1204 3419 1284 3496 τούς
1307 3425 1343 3482 ἐκ
1366 3421 1475 3496 μέσον

254 3513 406 3608 ύψηλοίνς
430 3519 578 3610 ὀρόφους
602 3523 733 3610 α’νέχειν
757 3528 930 3592 δύνασθαι
939 3535 977 3609 ⁶).
1007 3525 1162 3613 Ὀρόφοις
1184 3551 1219 3610 γε
1241 3525 1306 3613 μὴν
1328 3520 1473 3614 ύψηλοῖς

253 3625 343 3704 μόνα
366 3627 447 3704 ίσως
476 3637 544 3696 τῶν
575 3633 761 3720 οἰκημάτων
784 3634 826 3698 τὰ
860 3631 999 3722 ύπερηῐα
1030 3635 1298 3700 κατεσκεύαστο·
1345 3633 1381 3694 έν
1412 3628 1476 3717 γὰρ

253 3735 302 3817 τηῖ
330 3735 488 3822 μετειύρην
526 3747 689 3820 κειμένοις
719 3738 740 3827 ἦ
776 3747 842 3808 τῶν
874 3737 1006 3822 α’νέμων
1042 3746 1101 3824 βία
1141 3746 1360 3828 προσπίπτει.
1410 3739 1477 3802 Καὶ

193 3838 195 3842 ’
253 3843 448 3923 ταῦταμὲν
471 3851 546 3927 περί
570 3853 627 3930 τῆς
651 3854 772 3932 στέγης.

345 4016 372 4091 1)
387 4016 440 4074 ὀε
461 4027 498 4076 Χ.
518 4027 578 4078 τοο.
604 4029 638 4076 K.
660 4028 720 4078 τοο.
745 4030 776 4080 Α.
796 4032 839 4080 64.
909 4031 937 4094 κ)
955 4021 1007 4083 ὀα
1030 4033 1058 4081 Τ.
1080 4031 1195 4082 εο-ιο.
1233 4021 1274 4079 ’τι
1296 4026 1333 4075 α.
1355 4027 1473 4076 ιεο-ι.

254 4107 282 4173 3)
300 4102 345 4161 Ἰλ.
366 4113 403 4166 Ω.
424 4115 539 4165 450-1.
573 4114 672 4168 Πολυδ.
693 4108 772 4187 ὄνομ.
795 4119 917 4181 10‚170.
951 4113 1074 4174 Εύσιάθ.
1095 4118 1150 4172 σελ.
1174 4119 1250 4178 1358,
1273 4118 1317 4169 50.
1373 4117 1401 4180 4)
1418 4108 1474 4166 ²06.

256 4200 289 4252 Κ.
309 4201 441 4253 664-60.
478 4197 602 4259 Εύσιαθ.
623 4199 788 4258 αύτέθιοελ.
805 4209 882 4268 1669,
899 4211 940 4259 13.
996 4207 1023 4274 6)
1040 4202 1082 4260 Ἷλ.
1100 4211 1136 4259 Ψ.
1152 4208 1264 4258 710-6.
1321 4206 1351 4268 6)
1370 4199 1470 4255 Πολνδ.

253 4279 332 4352 δ’νιμ.
355 4291 377 4351 1,
397 4291 440 4340 81.
481 4292 572 4346 Schol.
594 4293 641 4347 Gr.
661 4294 696 4345 ad
709 4295 790 4346 Hom.
802 4295 884 4346 Iliad.
903 4296 946 4348 ed.
961 4295 1082 4347 Dindors
1091 4314 1153 4365 τομ.
1169 4297 1193 4357 2,
1207 4293 1262 4346 σελ.
1278 4295 1340 4346 269.
1361 4291 1475 4358 Rumpf,

255 4381 288 4431 de
306 4380 366 4432 aed.
387 4378 467 4430 Hom.
488 4381 574 4432 altera
592 4399 655 4448 pars
675 4389 815 4435 comment.
835 4383 890 4436 σελ.
914 4387 956 4436 11.
