3114 4810
698 239 846 308 '18

225 442 229 450 ·
303 417 367 482 Καί
392 411 412 480 ό
434 439 467 480 τι
489 421 552 497 μὲν
567 415 723 483 καθόλου
745 413 985 491 όΜελύνθιος
1000 419 1133 494 τούτοις
1149 421 1250 503 λέγειν
1265 423 1442 508 βούλεται,

214 521 386 608 φανερόν·
419 527 492 589 ἐπεί
524 525 560 587 δέ
585 521 641 586 διό
666 527 724 607 τῆς
748 517 885 587 αύλειου
908 521 1020 608 θύρας
1043 520 1215 592 οἷδόνακόν
1236 531 1328 596 ἐστιν
1350 531 1443 605 ἐξελ·

157 673 161 682 ·
213 631 311 710 θεῖν,
342 634 375 693 τί
405 629 532 710 μαθων
562 631 622 692 νῦν
654 622 713 692 ούκ
743 629 857 692 ἐθέλει
888 627 946 692 διοί
977 632 1035 712 τῆς
1066 625 1262 716 όρσοθύρας
1293 637 1350 702 ἐπί
1377 637 1443 702 τὸν

215 740 391 800 στενωπόν
405 734 559 812 ἐξελθεῖν
580 737 636 796 καί
653 731 697 808 ω“ς
712 733 856 815 τάχιστα
875 729 1004 816 όναβόις
1020 737 1076 798 ἐπί
1091 734 1152 798 τόν
1175 744 1236 800 τοῦ
1250 743 1441 828 περιβόλου

213 841 355 924 πλοίγιον
384 849 505 922 τοῖχον·
531 841 570 904 τό
602 840 738 924 πλῆθος
766 839 1023 924 πορακαλέσοιι;
1055 841 1113 926 Μὴ
1144 843 1199 905 καί
1222 847 1376 909 ἐνταῦθα
1401 849 1442 914 αἱ

214 948 380 1012 αἰθουσοιι
404 945 565 1025 ἐμποδών
595 937 683 1031 ἦσαν
707 949 763 1009 καί
788 945 846 1010 διὰ
869 951 969 1010 τοῦτο
999 943 1170 1032 ἀναβῆναι
1194 945 1252 1012 ούκ
1275 945 1438 1033 η’δύνυτο;

160 1081 164 1091 ·
210 1049 285 1117 Ἀλλ’
316 1047 414 1130 οἶμαι
443 1053 570 1136 μηδένα
604 1049 756 1136 α’γνοεῑν,
783 1049 836 1116 ὅτι
865 1053 900 1115 ἐν
931 1052 1037 1136 τούτῳ
1070 1057 1118 1136 τῷ
1145 1055 1240 1138 τόπῳ
1266 1055 1437 1120 αἰθουσαι

214 1154 272 1240 ούχ
294 1156 454 1243 ὑπῆρχον.
503 1163 544 1224 Τί
569 1149 626 1222 οὖν
658 1155 740 1224 ἄλλο
764 1155 869 1223 αὐτὸν
897 1158 1032 1238 κωλύεις
1066 1152 1132 1246 οῗρα
1164 1165 1325 1245 ἐφοβεῖτο
1356 1160 1439 1236 τοὺς

211 1266 246 1328 ἐν
269 1269 307 1355 τῇ
332 1261 429 1356 αύλη,
451 1265 496 1350 μὴ
521 1265 652 1340 ἰδόντες
676 1261 782 1328 αὐτόν
805 1266 852 1339 είς
874 1266 936 1330 τὸν
960 1265 1136 1331 στενωπόν
1160 1267 1346 1340 ἐξελθόντα
1377 1271 1439 1330 καί

213 1368 448 1454 οίναβαίνοντα
479 1373 535 1436 ἐπί
574 1371 633 1434 τὸν
671 1379 789 1451 τοῖχον
820 1371 1125 1453 κατοτοξεύσειοιν;
1160 1369 1244 1438 Ούδέ
1275 1371 1363 1438 τοῦτ’
1394 1368 1439 1437 δὶν

211 1479 306 1559 ἔγωγε
337 1485 456 1563 φαίην·
487 1482 543 1541 καί
574 1475 635 1562 γὰρ
660 1474 904 1562 ὑβριστότατος
935 1467 980 1541 ὢν
1003 1481 1071 1543 τοῖν
1095 1477 1276 1556 Ὀδυσσέως
1300 1483 1439 1545 οἰκετῶν

211 1587 269 1647 καί
292 1588 332 1676 τῇ
356 1583 463 1675 τόλμῃ
487 1583 695 1664 μαινόμενος
717 1587 827 1668 μικρῷ
856 1579 997 1670 ὕστερον
1019 1589 1236 1672 θρασυτέρου
1259 1588 1355 1673 ἔργον
1379 1612 1437 1650 κα-

211 1691 381 1773 τατολμηῖ·
406 1690 555 1765 ἐξελθὼν
577 1691 639 1775 γὰρ
664 1691 719 1754 διολ
745 1697 802 1773 τῆς
827 1687 1020 1777 όρσοθύρας
1043 1697 1091 1768 είς
1113 1693 1174 1756 τόν
1190 1694 1364 1758 στενωπὸν
1380 1697 1437 1756 καί

210 1797 323 1862 ἐλθών
346 1797 394 1873 είς
425 1796 486 1861 τὸν
516 1797 682 1876 θάλαμον
705 1800 772 1859 τῶν
796 1791 909 1860 ὅπλων
937 1799 1064 1876 κομίζει
1088 1808 1161 1873 τοῖς
1184 1805 1221 1861 ἐν
1243 1804 1285 1888 τῇ
1308 1797 1433 1880 οἶνδρω-

210 1906 314 1967 νίτιδι
336 1906 532 1988 μνηστῆρσι.
577 1907 688 1967 Τοῦτο
719 1903 754 1965 δέ
779 1904 1012 1983 ,παντάπασιν
1037 1901 1187 1979 α’θέατας
1216 1899 1282 1966 ύπὸ
1305 1903 1372 1964 τῶν
1395 1901 1431 1963 ἐν

210 2015 251 2100 τῇ
275 2003 358 2100 αὐλῇ
380 2014 437 2074 καὶ
462 2009 619 2094 δεύτερον
643 2017 757 2072 ποιεῖν
780 2007 951 2095 ἐπιχειρεῖ.
994 2015 1037 2075 Τί
1051 1999 1125 2090 σύες
1154 2010 1250 2094 είπερ
1274 1985 1433 2092 ύδύυαιο,

211 2111 269 2178 ούκ
294 2105 336 2179 ἄν
351 2119 408 2180 ἐπί
424 2115 485 2180 τόν
500 2125 616 2198 τοῖχον
633 2114 782 2194 ἄσμενος
805 2111 975 2202 όνοβηναι
999 2113 1168 2202 η’βοόλετο,
1191 2115 1249 2178 ἵνα
1268 2117 1435 2197 σωτηρίαν

209 2230 284 2298 τοῖς
301 2224 414 2305 φίλοις
431 2219 522 2306 αύτῷ
541 2229 729 2309 μνηστῆρσι
745 2225 826 2307 περὶ
841 2227 898 2308 τῆς
913 2226 1023 2309 ψυχῆς
1039 2223 1290 2288 κινδυνεύουσιν
1306 2221 1436 2292 έξωθεν

209 2335 382 2416 πορίσειε;
420 2325 469 2394 Ἐκ
493 2331 620 2395 τούτων
652 2320 711 2392 όύν
740 2327 880 2408 ἱκανοῖς,
914 2325 1028 2409 οἶμαι,
1059 2327 1142 2394 τόδε
1179 2325 1435 2392 ἀποδείκνυται·

208 2439 429 2519 πρῶτονμὲν
453 2431 505 2498 ὅτι
537 2431 554 2496 δ
582 2433 704 2506 Φοῖνιξ
734 2429 867 2517 α’πέδροι
901 2433 956 2496 διαί
989 2433 1028 2496 τὸ
1062 2434 1227 2498 ταπεινὸν
1257 2429 1348 2495 εἶναι
1376 2429 1436 2494 τὸν

210 2541 393 2623 περίβολον
425 2543 481 2625 τῆς
512 2539 675 2624 πατρῴας
708 2544 829 2619 οἰκίας,
861 2539 1018 2622 δεύτερον
1047 2541 1082 2602 δὲ
1114 2537 1167 2602 ὅτι
1199 2530 1254 2603 καί
1286 2541 1353 2602 τῶν
1385 2541 1436 2600 αἰ·

209 2649 350 2713 θουσῶν
373 2645 418 2733 μὴ
441 2643 687 2732 ὑπαρχουσῶν,
720 2643 759 2711 ού
781 2645 889 2724 μόνον
920 2643 1050 2730 χαλεπὴ
1083 2642 1180 2729 ἡέπί
1204 2645 1280 2720 τούς
1303 2651 1436 2726 τοίχους

209 2752 392 2836 α’νοίβοισις,
409 2751 495 2818 οἷλλὰ
512 2757 569 2817 καί
584 2754 811 2818 παντάπασιν
826 2748 1004 2834 οἷδύνατος,
1021 2752 1117 2836 εἴπερ
1136 2752 1169 2816 οἱ
1182 2761 1294 2833 τοῖχοι
1309 2749 1435 2838 ύψηλοί

209 2863 386 2941 ἐτύγχανον
411 2859 518 2936 ὄντες·
551 2857 685 2937 τούτοις
709 2861 744 2924 δὲ
767 2862 887 2924 ἕπεται
911 2865 1035 2946 τρίτον,
1067 2856 1121 2922 ὅτι
1144 2855 1165 2942 ἦ
1188 2865 1249 2923 τοῦ
1276 2863 1436 2931 Φοίνικος

210 2964 403 3052 οῗπόδρασις
435 2963 494 3032 ούκ
526 2974 599 3031 ἐστι
630 2967 827 3054 τεκμήριον,
867 2964 911 3042 τός
947 2970 1004 3030 καί
1043 2968 1078 3030 ἐν
1116 2967 1204 3041 ταῖς
1225 2969 1292 3028 τῶν
1325 2961 1437 3026 ἄλλων

210 3071 405 3160 όνακτόρων
429 3070 551 3150 αόλαῑς
576 3075 744 3138 αλθουσαι
775 3077 842 3137 ταῖν
866 3073 1017 3154 πλαγίων
1039 3079 1162 3154 τοίχων
1186 3067 1248 3153 ούχ
1271 3067 1434 3154 ύπῆρχον.

212 3182 262 3245 Τὰ
289 3183 323 3245 δὲ
347 3182 424 3266 περὶ
448 3181 628 3255 Μέδοντος
650 3179 813 3262 λεγόμενα
837 3177 881 3254 ιός
911 3175 1120 3264 α’πισιότερα
1145 3183 1202 3242 καί
1225 3182 1434 3262 βραχυτέρου

208 3287 309 3368 λόγου
334 3291 475 3352 δεῖσθαί
498 3309 558 3366 μοι
583 3288 682 3351 δοκεῖ.
718 3281 791 3352 Ἵνα
815 3293 927 3350 τοίνυν
952 3283 971 3350 ό
995 3287 1119 3350 Μέδων
1141 3287 1209 3348 τῶν
1231 3289 1267 3347 ἐν
1287 3285 1329 3374 τῇ
1353 3279 1435 3373 αύλῇ

209 3394 452 3474 διαλεγομένων
474 3395 608 3469 ἔξωθεν
633 3387 771 3458 α’κούειν
803 3393 960 3473 δύναιτο,
993 3397 1092 3456 πᾶσα
1125 3385 1249 3476 νίκοίγκη
1279 3389 1323 3474 μη“
1348 3389 1434 3473 πρός
1534 3447 1535 3462 ,

209 3505 257 3584 τῷ
279 3504 439 3584 προσθίῳ
462 3505 520 3585 τῆς
545 3496 681 3565 αύλείον
705 3503 819 3586 θύρας
834 3505 935 3582 τοίχῳ
952 3501 1001 3582 τῷ
1024 3499 1199 3562 αἲθουσαν
1215 3495 1309 3572 ἐντὸς
1324 3498 1433 3578 ἔχοντι

208 3607 380 3671 ἵστασθαι
403 3606 527 3683 (ἐποίει
550 3607 613 3694 γὰρ
637 3605 658 3692 ἡ
682 3604 946 3675 αίθουσαοῖστε
969 3605 1015 3690 μη
1040 3600 1206 3684 οίκούειν),
1239 3599 1325 3667 ἄλλοί
1349 3600 1433 3688 πρὸς

208 3715 256 3797 τῴ
280 3715 378 3798 ἑτέρῳ
402 3717 469 3775 των
493 3712 660 3794 πλαγίων,
693 3706 811 3798 οἷσπερ
838 3712 1010 3786 αίθούσας
1039 3711 1084 3796 μη
1107 3716 1293 3798 προσεῖναί
1314 3727 1431 3791 φασιν.

206 3815 284 3884 Ἀλλ’
308 3814 397 3884 ὅπου
422 3819 460 3903 δη
486 3815 505 3883 ό
527 3823 653 3884 Μέδων
675 3818 816 3901 ἵστατο,
848 3821 949 3884 τοῦτο
974 3815 1016 3884 δι’
1041 3814 1216 3903 όκριβείοις
1238 3820 1286 3898 κη’
1308 3815 1432 3904 ποιητῇ

210 3923 268 3992 ούκ
284 3927 413 4013 είρητοιι
429 3925 571 3991 τοσόνδε
587 3930 666 4013 περί
683 3923 790 3990 αύτού
806 3926 947 4006 εἰπόντι,
966 3922 1009 4000 τός
1034 3924 1252 3989 ἐπεύθετο
1269 3919 1433 4002 βουλοὶς

209 4029 261 4097 at³
270 4034 317 4116 λη’
326 4059 341 4108 ς
364 4032 487 4109 ἐκτὸς
510 4032 633 4114 bow).
657 4034 738 4108 Παῖς
763 4021 821 4096 οὖν
844 4029 887 4095 τὰ
911 4035 989 4118 περὶ
1006 4032 1186 4096 αὶθονσαῑν
1201 4033 1268 4093 τοῖν
1284 4028 1433 4110 πλαγίων

209 4145 330 4221 τοίχων
351 4136 407 4204 ὑπ’
430 4139 541 4205 αὐτῶν
564 4139 725 4222 λεγόμενα
750 4136 862 4225 οἷληθῆ
887 4137 929 4203 ἄν
952 4143 1011 4224 είη,
1045 4135 1104 4204 ούκ
1128 4135 1267 4202 εἰδότων
1296 4139 1432 4220 πρῶτον

297 4372 324 4438 1)
343 4365 394 4425 ὀε
414 4375 445 4422 Δ.
467 4375 527 4424 ενι.
