3114 4810
753 265 843 330 =24

127 485 130 496 .
211 438 318 514 θόλος
340 437 426 525 πρός
448 443 488 528 τῇ
510 443 608 524 έτέρα
632 441 700 502 τῶν
731 443 859 521 γωνιῶν
889 405 947 526 τῆς
971 445 1035 505 τού
1065 441 1170 521 δόμου
1193 443 1358 528 αἰθούσης
1381 435 1436 529 ήν,

213 541 310 628 οἶμαι
326 536 369 611 ύν
383 543 427 629 μή
443 545 608 630 εἰρῆσθαι
622 543 684 609 τόν
702 546 897 628 Τηλέμαχον
912 547 1085 629 ἐξαγαγεῖν
1104 549 1166 622 τὰς
1181 550 1435 634 θεραπαινίδας

209 650 353 736 μεσηγύς
375 673 412 715 τε
433 649 547 715 θόλου
570 651 755 737 καλ-ἕρκεος
772 647 874 736 αύλής
889 657 946 716 καί
967 657 1120 719 συνῶσαι
1136 656 1172 718 δν
1189 663 1322 737 στείνει,
1345 651 1436 720 ὅθεν

213 753 323 832 ούττως
345 747 386 840 ήν
410 753 551 830 ἀλύξαι·
582 762 619 822 έν
641 756 702 842 γὰρ
725 757 865 843 ἑκατέρην
881 765 950 822 τῶν
972 760 1072 851 ταύτῃ
1095 764 1223 842 γωνιῶν
1245 762 1288 825 τοὶ
1306 763 1436 843 στόμια

212 865 371 950 ἑκατέρας
401 865 460 949 τῆς
490 862 612 948 λαύρας
647 852 695 947 ήν.
751 866 841 946 Φημί
881 865 989 948 δήπου
1019 870 1087 931 τῶν
1119 873 1267 946 στομίων
1303 868 1437 934 τούτων

212 968 364 1054 θᾶτερον
393 973 456 1051 μὲν
484 963 574 1034 εἶναι
606 965 646 1034 δι’
679 959 720 1034 ού
752 965 771 1032 ό
797 971 993 1056 Τηλέμαχος
1024 974 1056 1036 ἐκ
1087 977 1143 1057 τῆς
1166 969 1269 1058 αύλῆς
1299 974 1347 1050 είς
1369 975 1435 1039 τόν

212 1082 280 1142 τῶν
303 1073 420 1140 όπλων
442 1075 608 1156 θάλαμον
638 1070 845 1162 α’πῆλθενί),
875 1074 1027 1164 θότερον
1058 1075 1157 1144 δέδι’
1189 1069 1228 1144 ού
1258 1078 1276 1144 δ
1303 1079 1435 1165 Φήμιος

213 1177 406 1266 α’ρξαμένου
429 1185 493 1246 τού
516 1184 624 1266 φόνου
647 1187 716 1246 τῶν
738 1182 937 1268 μνηστήρων
968 1191 1003 1249 ἐκ
1034 1189 1091 1270 της
1122 1183 1359 1271 α’νδρωνίτιδος
1386 1187 1436 1260 είς

213 1287 275 1354 τὸν
297 1290 332 1353 ἐν
355 1293 396 1380 τῇ
420 1283 504 1380 αύλή
527 1295 589 1354 τοῦ
612 1289 742 1373 ἑρκείου
765 1289 844 1364 Διός
866 1289 984 1372 βωμόν
999 1301 1206 1375 καταφυγεῖν
1222 1295 1385 1358 διενοεῖτο
1395 1299 1434 1375 ²).

213 1395 321 1487 Είπερ
348 1385 410 1459 σύν
433 1401 469 1460 ἐν
491 1399 533 1486 τῇ
554 1399 652 1480 ἑτέρᾳ
676 1400 744 1459 τῶν
766 1400 894 1476 γωνιῶν
916 1399 973 1480 της
1000 1401 1063 1463 τού
1094 1397 1199 1478 δόμου
1223 1400 1390 1486 αἰθούσης
1414 1397 1436 1485 ἧ

215 1501 321 1578 θόλος
343 1503 464 1585 ε’κειτο,
487 1501 714 1566 παντάπασιν
738 1497 959 1588 α’νοέρμοστον
981 1494 1022 1588 ἧν
1045 1505 1083 1569 τὸ
1108 1505 1287 1589 λεγόμενον

483 1663 567 1718 εἴλεον
586 1663 616 1717 ἐν
635 1662 739 1727 στείνει,
760 1659 828 1716 ὅθεν
847 1659 880 1716 τό
896 1681 954 1722 πως
971 1657 1019 1729 ἦεν
1037 1658 1135 1728 dmm
1142 1669 1175 1730 ³).

303 1806 370 1869 Καὶ
402 1799 490 1868 ὅπου
521 1809 583 1882 μὲν
613 1809 672 1888 τῆς
704 1798 805 1888 αύλής
836 1801 987 1889 ήθόλος
1018 1805 1134 1888 έκειτο,
1165 1807 1296 1886 ἱκανῶς,
1329 1802 1439 1887 οἶμαι,

217 1909 414 1994 δεδήλωται.
463 1909 532 1994 Τήν
556 1902 825 1993 δὲ’κατασκευήν
848 1900 888 1992 ήν
911 1910 1116 1996 κυκλοτερής,
1143 1907 1256 1996 ῶσπερ
1278 1914 1334 1973 καί
1357 1911 1435 1974 τού-

216 2038 305 2096 νομα
331 2012 413 2080 αύτὸ
439 2015 551 2102 δηλοῖ·
575 2021 720 2101 ἐχρῶντο
747 2017 783 2080 δέ
805 2021 847 2106 τῇ
869 2015 976 2098 θόλῳ,
999 2015 1095 2080 καθὰ
1122 2017 1153 2081 ολ
1177 2015 1323 2081 παλαιοί
1336 2039 1436 2099 φασι,

216 2128 369 2205 ταμιείῳ,
400 2112 487 2206 ἑνηῖ
518 2121 560 2186 τό
592 2117 673 2186 καθ’
704 2121 843 2208 ίκόστην
873 2118 1001 2209 ἡμέραν
1030 2122 1178 2209 χρήσιμα
1209 2127 1277 2186 τῶν
1307 2125 1436 2186 σκευῶν

217 2225 416 2312 α’πετίθετο,
439 2230 518 2312 λέγω
544 2231 580 2294 δὲ
602 2228 682 2304 τούς
705 2235 861 2312 πίνακας,
884 2228 964 2305 τούς
984 2236 1162 2317 κρατῆρας,
1185 2228 1228 2294 τοὶ
1252 2227 1431 2306 έκπιόματα

215 2340 272 2402 καί
295 2337 337 2401 τό
366 2335 500 2411 τούτοις
523 2334 751 2422 παραπλήσια
761 2343 797 2417 ⁴).

678 2495 806 2565 Θόλαμοι
823 2495 870 2563 τῆς
888 2491 980 2564 αύλής.

308 2625 384 2685 Τῶν
408 2620 444 2682 δέ
468 2613 535 2682 ύπδ
560 2626 637 2704 ταῖς
660 2619 847 2697 αλθαύααις
871 2621 1017 2700 συνεχῶν
1040 2616 1211 2696 θαλάμων
1232 2614 1266 2680 οἱ
1278 2620 1339 2696 μὲν
1354 2605 1441 2698 ἦσαν
1542 2609 1543 2618 ’

217 2730 385 2818 κοιτῶνες,
409 2733 446 2790 ἐν
470 2718 520 2800 οἶς
544 2725 576 2790 τί
595 2731 663 2791 τῶν
679 2723 850 2812 ἡγεμόνων
865 2727 988 2799 παῖδες
1004 2726 1198 2806 ἐκοιμῶντο,
1223 2722 1255 2786 ol
1271 2722 1307 2786 δέ
1322 2721 1440 2805 ἑτέρας

216 2840 340 2922 χρείας.
389 2827 522 2898 Ούιιοδν
545 2829 565 2896 ό
587 2828 655 2897 ύιτδ
678 2838 721 2925 κη’
736 2833 886 2923 αίθούση
902 2835 964 2898 τοῦ
981 2830 1086 2912 δόμου
1101 2837 1252 2912 κείμενος
1267 2828 1441 2909 θάλαμος,

218 2949 251 3007 ἐν
275 2929 302 3025 ᾧ
326 2937 345 3004 ό
371 2942 492 3013 Φοῖνιξ
507 2939 732 3022 ἐφυλάσσετο,
755 2939 878 3004 κοιτῶν
900 2928 945 3024 ἦν
964 2933 1105 3022 αύτηῐῦ).
1143 2941 1208 3004 Καὶ
1233 2937 1266 3002 ολ
1282 2935 1440 3015 θάλαμοι

216 3056 341 3130 μέντοι,
364 3050 400 3112 έν
424 3041 475 3120 οἷς
499 3046 532 3111 ολ
554 3051 728 3134 Νέστορος
750 3047 843 3128 υἱεῖς,
872 3046 952 3121 ἴσως
975 3047 1011 3110 δέ
1034 3048 1092 3110 καὶ
1115 3045 1147 3110 σί
1170 3047 1327 3129 γαμβροί,
1353 3047 1442 3106 ἐκοι-

217 3160 343 3237 μῶντο,
367 3159 528 3233 τοιούτοι,
554 3151 598 3227 ῶς
617 3155 715 3235 έοικε,
739 3155 896 3229 κοιτῶνες
920 3149 989 3217 ύιιδ
1014 3161 1091 3226 ταῖς
1115 3149 1302 3226 αλθούσαις
1317 3151 1442 3229 είσίνθ),

219 3258 263 3337 ῶς
285 3266 429 3343 γίγνεται
454 3260 552 3346 δῆλον
575 3260 612 3332 ἐξ
635 3247 681 3322 ῶν
694 3255 839 3346 Ὅμηρος
865 3261 900 3324 ἐν
920 3255 1034 3324 Ἰλιάδι
1057 3261 1134 3344 περί
1157 3260 1225 3322 τῶν
1248 3257 1284 3320 έν
1303 3261 1340 3347 τῇ
1357 3252 1441 3346 αὐλῇ

219 3367 388 3448 θαλάμων
410 3373 479 3432 τῶν
502 3365 662 3451 Πριάμου
686 3361 885 3453 α’νακτόρων
909 3366 1079 3454 εἰρηκενῖ).
1123 3361 1175 3428 Ἐν
1196 3363 1258 3448 γὰρ
1282 3371 1356 3439 τοῖς
1371 3367 1439 3426 θα-

218 3474 340 3556 λάμοις
363 3471 504 3556 τούτοις,
530 3475 566 3538 οἳ
585 3472 793 3558 πεντήκοντα
816 3473 855 3538 τό
879 3473 1013 3560 πλῆθος
1034 3461 1131 3557 ήσαυ,
1157 3470 1190 3534 οί
1204 3476 1266 3535 τοῦ
1281 3469 1440 3558 Πριάμου

218 3585 338 3658 παῖδες
360 3589 437 3657 ταῖς
460 3587 624 3663 γαμεταῖς
647 3581 777 3661 γυναιξί
802 3581 1060 3660 συνεκοιμῶντο,
1091 3579 1148 3642 καί
1175 3577 1210 3642 έν
1233 3579 1356 3664 ἑτέροις
1381 3575 1441 3639 δῶ-

220 3691 301 3755 δεκα
325 3688 386 3754 τὸν
410 3683 564 3774 όριθμδν
588 3687 623 3750 αλ
646 3689 830 3774 θυγατέρες
858 3695 930 3761 τοῖς
962 3681 1134 3766 ἀνδράσιν.
1178 3681 1255 3750 Ἀλλ’
1285 3685 1441 3750 ἐνταῦθα

219 3803 277 3862 τοῦ
300 3796 399 3878 λόγου
421 3791 600 3876 γενόμενος
622 3792 790 3876 βούλομαι
820 3789 917 3876 όλίγηι
940 3791 1153 3878 μακρότερον
1176 3795 1255 3880 περὶ
1279 3787 1443 3856 ἁπάντων

311 4047 336 4114 1)
353 4039 406 4098 ’σε
426 4047 464 4098 x,
486 4045 618 4099 ιον-ιι.
692 4043 721 4109 ε)
740 4039 792 4096 ὀε
811 4047 849 4094 x.
871 4046 987 4095 τεο-ι.
1061 4044 1087 4112 ε)
1106 4037 1158 4098 ὀε
1178 4047 1214 4094 X.
1233 4043 1367 4094 ιεε-εο,
1392 4036 1443 4110 ὅρα

220 4135 267 4188 καί
285 4133 412 4198 Gerlach,
430 4133 478 4186 δεε
496 4135 574 4184 Hans
593 4135 641 4185 δεε
654 4134 796 4198 odysseus
815 4131 845 4185 ἰν
863 4131 901 4202 τῷ
919 4135 963 4186 30.
984 4128 1060 4205 νόμῳ
1077 4131 1125 4186 τιό
1136 4131 1298 4198 Philologus
1310 4129 1364 4182 σιλ.
1379 4132 1441 4182 506.

105 4256 112 4310 '.
220 4225 336 4288 Kranae,
355 4223 538 4275 Deinokrates
557 4222 612 4276 σελ.
631 4225 746 4278 493-4.
839 4214 1013 4287 4)Εύστόθ.
1039 4217 1135 4274 ἐνὈδ.
1157 4225 1194 4271 Χ.
1222 4221 1376 4281 σελ.1934,
1399 4221 1440 4269 11.

217 4304 312 4383 Ἠστγ,
334 4311 365 4365 ἐν
377 4312 408 4366 ιλ.
429 4305 537 4374 δόλος.1
557 4312 650 4364 Schol.
669 4313 763 4366 Ambr.
778 4312 834 4366 σελ.
850 4313 910 4363 ίι46.
986 4314 1013 4378 ὅ)
1031 4305 1073 4364 Ἰλ.
1095 4315 1116 4362 1.
1132 4313 1191 4372 475,
1207 4313 1269 4362 473.
1343 4309 1373 4374 6)
1391 4302 1439 4359 Ὁδ.

221 4404 250 4452 Γ.
269 4404 329 4467 396,
348 4405 410 4458 413.
485 4401 512 4469 7)
531 4401 569 4456 Ιλ.
590 4406 620 4454 Ζ.
640 4405 792 4456 242-250.

661 4557 666 4588 λ
