3114 4810
836 273 878 336 64

247 456 453 536 φαίνεταιὶ).
501 447 601 512 Καλοῖ
633 449 668 510 δέ
700 443 829 528 ἁπλᾶς,
868 441 950 510 ὅσαι
985 453 1020 510 ἐκ
1052 449 1148 512 δυοῖν
1178 447 1403 528 θυρωμάτοιιι
1435 443 1479 510 οῦ

248 556 505 642 συνεστήκεσαν.
552 556 617 618 Καί
640 551 659 638 η’
683 560 743 618 νῦν
758 559 825 620 τῶν
844 550 1006 638 Ἑλλήνων
1022 553 1114 638 φωνὴ
1130 552 1238 634 μονάς
1254 558 1315 630 μέν
1331 552 1478 632 ταύτας,
1532 553 1533 562 ’

246 665 371 740 διπλᾶς
395 666 430 727 δὲ
453 666 509 726 καί
533 657 617 744 αῦτη
648 666 776 735 ἐκείνας
807 661 913 724 καλεῖ.
948 657 1020 724 Ἵνα
1044 661 1079 726 δέ
1101 659 1145 724 τά
1168 658 1361 744 θυρώματα
1387 654 1476 723 οἴνα-

247 769 425 848 κλινόμενά
455 792 492 832 τε
523 772 580 832 καί
610 767 848 862 ἐπικλινόμενα
888 766 1010 853 ῥᾳδίως
1037 775 1190 847 κινοῖτο,
1212 767 1269 832 έπί
1295 772 1476 850 στροφέως
1533 779 1534 790 ’

247 876 479 961 προσηλοῦτο,
511 870 547 950 ὃς
570 873 696 959 θαιρὸς
726 873 973 954 ἐπονομάζεται
984 879 1020 957 ²).
1057 871 1132 954 Ὅγε
1165 871 1232 958 μὴν
1256 872 1401 958 θαιρός,
1436 872 1474 938 ὂν
1534 939 1535 960 ,

246 986 301 1046 καί
326 987 386 1046 νῦν
409 981 458 1044 ότι
481 985 568 1044 ἐστὶν
591 981 675 1044 ι’δεῖν
705 986 741 1044 ἐν
771 989 845 1056 τοῖς
875 979 1060 1066 θυρῶμασι
1090 979 1224 1044 πολλῶν
1255 980 1374 1042 υλκιῶν
1405 983 1471 1044 τῶν
1534 977 1535 1030 ί

247 1088 357 1172 νήσων
379 1093 441 1150 τοῦ
464 1091 617 1168 Αἰγαίου,
646 1085 785 1151 τοιόσδε
815 1085 876 1172 τὴν
904 1088 998 1150 ἰδέαν
1020 1093 1101 1150 έστί.
1148 1086 1244 1150 Κατὰ
1269 1085 1330 1170 τὴν
1353 1091 1465 1172 ἑτέραν
1496 1111 1498 1116 ·

249 1197 317 1258 τῶν
341 1194 496 1278 πλευρῶν
519 1193 675 1279 ἑκατέροιν
698 1197 767 1290 τῶν
782 1193 1007 1278 θυρωμάτων,
1030 1188 1154 1278 ἣπρὸς
1177 1196 1236 1278 τῆς
1251 1193 1461 1278 παρασεόδος

248 1303 335 1381 ἐστί,
369 1300 470 1373 ξύλον
498 1300 673 1382 ἐπίμηκες,
705 1301 812 1364 δοκίδι
843 1300 934 1370 ἴσον,
966 1299 1217 1384 προσηλοῦται,
1249 1289 1290 1364 οὗ
1312 1299 1357 1362 τὰ
1382 1298 1468 1384 άκρα

248 1407 385 1472 ἄνωθεν
409 1410 465 1468 καὶ
490 1405 646 1470 κάτωθεν
668 1407 788 1492 μικρόν
810 1410 877 1472 τῶν
909 1406 1123 1490 θυρωμάτων
1145 1410 1293 1492 προέχει.
1340 1412 1405 1470 Καὶ
1430 1407 1469 1472 τὸ
1535 1415 1536 1428 ’

248 1520 311 1595 μέν
334 1512 400 1578 άνιυ
425 1509 530 1598 δι’κρον
552 1514 588 1576 ’ὲν
611 1537 678 1578 τινι
702 1513 881 1596 κοιλότητι,
904 1510 923 1597 ἢ
948 1511 1051 1594 όμοία
1075 1512 1195 1602 κοτύλῃ
1219 1514 1300 1593 ἐστί,
1322 1517 1377 1596 τῆς
1393 1508 1466 1576 άνω

249 1623 361 1705 φλιάς,
385 1620 423 1684 τὸ
449 1621 484 1684 δὲ
506 1620 596 1684 κάτω
621 1621 657 1684 έν
680 1617 777 1706 ἑτέρᾳ
801 1625 858 1704 της
880 1619 971 1684 κάτω
1000 1619 1211 1705 ἐμβέβληται.
1254 1614 1381 1703 Ὀρθῶν
1405 1607 1467 1683 οῦν
1536 1670 1537 1708 ,

247 1733 314 1792 τῶν
345 1732 463 1812 θυρῶν
492 1723 601 1791 ούσῶν
633 1731 688 1790 καὶ
720 1731 957 1810 στρεφομένων
987 1731 1046 1790 καὶ
1074 1726 1114 1789 τὸ
1146 1725 1245 1800 ξύλον
1274 1729 1375 1789 τοῦτο
1408 1727 1470 1790 σῦν
1536 1793 1537 1796 ¹

248 1832 380 1914 αῦταῐς,
404 1829 518 1916 ὥσπερ
537 1830 638 1912 ἄξων,
662 1839 1005 1918 συμπεριστρέφεται.
1042 1830 1113 1897 Ἵνα
1138 1834 1243 1898 δὲκαὶ
1266 1839 1330 1898 τῶν
1353 1835 1473 1917 θυρῶν

247 1939 551 2020 ἐπιλαμβάνεσθαι
574 1939 624 2023 εἴη
640 1937 708 2002 είτε
730 1944 871 2024 κροῦσαι
887 1939 954 2002 είτε
978 1940 1250 2004 ἐπισπάσασθαι
1265 1940 1471 2024 βουλομένη,

248 2036 432 2132 ἦνσιδηρά
455 2049 511 2108 καὶ
534 2045 690 2130 καμπύλη
722 2045 807 2131 λαβὴ
838 2042 896 2110 ἐπ’
920 2043 1034 2111 αῦτῶν
1057 2053 1281 2130 έμπεπηγυῖα,
1305 2043 1345 2132 ἢν
1369 2044 1389 2111 ὁ
1412 2053 1471 2126 μὲν

247 2150 393 2239 Ὅμηρος
425 2152 482 2216 διὰ
513 2152 552 2218 τὸ
592 2157 701 2236 σχημα
732 2153 900 2238 κορῶνην,
940 2153 972 2217 ολ
1005 2155 1040 2217 δέ
1070 2154 1157 2233 μετά
1188 2157 1298 2218 ταῦτα
1329 2153 1469 2240 κόρακα,
1536 2185 1537 2222 1

248 2261 406 2348 ῥόπτρου,
422 2265 654 2344 έπίσπαστρον
670 2259 942 2340 ἐπονομάζουσιν
951 2266 988 2344 ³).
1009 2258 1050 2324 Ἡ
1063 2261 1099 2326 δὲ
1115 2260 1243 2345 κορῶνη
1259 2265 1316 2344 τῆς
1333 2257 1465 2325 αῦλείου
1533 2239 1537 2311 λ

195 2433 197 2438 ,
247 2368 356 2453 θύρας
379 2373 447 2432 τῶν
467 2362 611 2431 Ἀλκίνου
636 2362 832 2450 ἀνακτόρων
854 2356 895 2452 ἦν
916 2369 1065 2452 χρυσηί).
1532 2332 1536 2384 ¹

782 2527 928 2593 Κλεῖθρον.

336 2653 401 2714 Καί
425 2654 534 2714 ταῦτα
558 2654 621 2729 μὲν
643 2651 721 2733 περί
737 2651 805 2712 τῶν
821 2653 948 2731 θυρῶν.
992 2647 1242 2739 Ὡςδέέξωθεν
1263 2657 1325 2732 μέν
1349 2649 1471 2716 κλεισὶν
1535 2575 1539 2718 λ

248 2753 353 2832 αῦτάς
383 2752 542 2839 ἀνέῳγον,
573 2756 716 2819 ἔνδοθεν
747 2757 783 2820 δὲ
804 2756 943 2836 μοχλοῖς
966 2755 1161 2838 έπεζύγουν,
1185 2763 1246 2822 νῦν
1269 2759 1343 2843 έρῶ.
1389 2756 1471 2826 Ἀλλ’

246 2864 305 2928 ἵνα
336 2863 398 2928 τὸν
429 2862 557 2950 τρόπον
587 2870 651 2926 τοῦ
689 2859 835 2945 α’νοίγειν
867 2865 923 2927 καὶ
953 2866 1074 2928 κλείειν
1107 2863 1165 2949 τὴν
1202 2865 1315 2950 θύραν
1351 2875 1469 2950 σαφοῦς

246 2973 370 3052 γνῶναι
395 2973 609 3054 δυνηθῶμεν,
642 2966 768 3055 άνάγκη
800 2975 936 3055 πρῶτον
966 2976 1106 3053 μαθεῖν,
1131 2967 1265 3057 ὅπωςῆ
1297 2971 1384 3049 κλεῖς
1413 2979 1466 3036 καί

246 3075 395 3159 μάλιστα
427 3080 466 3140 τό
490 3075 653 3162 κλεῖθρον
685 3083 997 3156 κατεσκευασμένον
1025 3066 1076 3162 ἦν.
1125 3078 1256 3143 Τούτου
1286 3083 1399 3158 μέντοι
1425 3085 1458 3142 ἐκ

246 3191 315 3248 τῶν
340 3181 506 3270 όμηρικῶν
529 3183 730 3268 ποιημάτων
746 3191 858 3264 τυχεῖν
875 3184 969 3265 είπερ
984 3183 1030 3270 μὴ
1046 3184 1272 3248 παντάπασιν
1288 3182 1466 3262 α’δύνατου,

249 3287 341 3369 ὅμως
371 3297 439 3354 τοῖν
475 3289 722 3370 χαλεπωτάτων
751 3293 786 3370 γέ
815 3291 898 3352 έστι.
946 3293 1133 3376 Τοιγαροῦν
1164 3291 1377 3373 πειράσομαι
1414 3291 1472 3357 διά

247 3400 401 3482 βραχέων
425 3393 681 3482 α’φηγησασθαι,
707 3392 751 3472 ῶς
781 3399 842 3460 νῦν
865 3399 913 3460 δτι
937 3397 976 3461 τῦ
1008 3397 1167 3483 κλεῖθρον
1197 3400 1265 3462 τῶν
1287 3408 1475 3485 γεωργικῶν

248 3501 439 3585 οἰκημάτων
462 3505 497 3568 έν
519 3509 559 3595 τῇ
582 3505 642 3594 έμη
673 3503 812 3587 πατρίδι
843 3503 950 3587 Πάρῳ
981 3507 1021 3594 τῇ
1051 3502 1140 3589 νήσῳ
1172 3507 1477 3590 κατασκευάζεται,

245 3608 305 3673 ἵνα
337 3611 393 3672 καί
423 3609 463 3673 τὸ
496 3606 656 3696 όμηρικὸν
687 3610 776 3673 κατὰ
806 3613 909 3673 τοῦτο
940 3610 1169 3696 ἐξηγήσασθαι
1191 3613 1338 3697 δυνηθῶ.
1377 3612 1477 3679 ’Ἐστι

164 3803 167 3810 Ι
246 3721 362 3780 τοίνυν
384 3713 423 3778 τὸ
448 3715 606 3796 κλεῖθρον
636 3721 739 3781 τοῦτο
770 3721 928 3801 ἐπίμηκες
957 3715 1180 3802 τετράγωνον,
1205 3719 1305 3794 ξύλου
1328 3743 1478 3808 πεποιη-

250 3826 369 3905 μένον,
401 3820 440 3886 τῦ
472 3825 535 3902 μέν
564 3827 668 3906 μῆκος
701 3819 783 3886 ὅσον
814 3821 1080 3908 τριπάλαιστον,
1113 3824 1339 3892 διπάλαιστον
1371 3827 1406 3892 δέ
1430 3830 1475 3893 τὸ

249 3929 397 4010 πλάτος,
427 3928 465 3994 τό
492 3931 526 3994 δέ
557 3927 668 4012 πάχος
702 3929 959 3994 παλαιστιαῖον.
1003 3927 1080 3997 Ἀπὸ
1112 3931 1148 3995 δέ
1179 3935 1236 4018 τῆς
1262 3934 1379 4020 ἑτέρας
1402 3941 1476 4000 τῶν

337 4147 365 4209 l)
385 4141 430 4198 Ἰλ.
452 4149 491 4200 Μ.
511 4149 572 4198 455.
591 4138 642 4198 Όό.
664 4147 693 4194 Β.
710 4147 770 4196 345.
789 4148 818 4194 Ρ.
841 4145 954 4197 267-8.
974 4141 1097 4202 Εύστᾶθ.
1119 4149 1149 4198 έν
1167 4141 1216 4200 ’θιλ
1232 4151 1260 4200 Β.
1274 4150 1330 4200 σελ.
1347 4153 1426 4212 1449,
1443 4154 1471 4203 6.

248 4233 308 4292 Λεξ.
329 4227 428 4286 Ἀπολλ
448 4238 523 4306 Σοφ.
545 4233 600 4288 οελ.
622 4237 665 4295 59,
681 4236 705 4284 2.
761 4234 788 4299 2)
807 4226 849 4286 Ἰλ.
872 4237 910 4284 Μ.
926 4237 988 4286 459.
1010 4233 1109 4288 Πολυδ.
1128 4229 1209 4303 όνυμ.
1230 4241 1256 4298 1,
1278 4239 1320 4289 76.
1378 4239 1405 4305 3)
1416 4233 1471 4292 ’οδ.

247 4324 281 4376 Α.
301 4323 417 4374 441-2.
445 4314 811 4374 Φ.4υ.1ῖυοτάε.ῖνὀδ.
837 4323 869 4374 A.
890 4323 945 4376 σελ.
974 4326 1051 4375 1429.
1090 4322 1189 4374 Πολυδ.
1215 4318 1295 4394 ὄνομ.
1323 4329 1348 4378 1.
1371 4329 1403 4379 ’Π
1424 4327 1473 4380 καί

250 4413 293 4473 ιο,
314 4412 356 4464 εο.
414 4411 442 4476 ι)
460 4404 510 4462 ὀε
530 4413 566 4462 ιι.
585 4414 629 4464 ου.
