3114 4810
784 278 825 342 10

188 453 363 534 θάλαμοι.
397 457 462 517 Καὶ
477 453 540 539 γδρ
561 449 748 532 Ὀδυσσεύς,
772 448 816 527 οἷς
831 451 870 516 τὸ
886 451 984 532 εἰκός,
1009 447 1081 515 α’πδ
1097 455 1155 536 της
1179 447 1416 538 εἰνδριονίτιδος

188 556 399 646 ἅρξοίμενος,
430 560 465 622 ἐν
488 547 509 649 ᾗ
533 556 551 623 ό
575 559 679 641 φόνος
703 563 849 640 ἐγένετο,
879 564 1014 644 πρῶτον
1037 559 1098 622 τόν
1123 554 1216 622 οἶκον
1240 560 1415 640 ἰθείωσεν,

186 663 266 731 εἶτα
299 669 334 730 δέ
365 666 425 752 την
457 662 571 749 αι’λήν.
630 662 680 730 Ἐκ
712 669 835 730 τούτου
867 665 901 728 δὲ
931 664 1057 739 πάντες
1088 689 1156 730 που
1189 665 1222 728 οἰ
1250 670 1327 748 περὶ
1357 671 1416 750 τῆς

190 771 350 860 δμηρικης
383 775 490 847 οἰκίας
528 772 873 857 πραγματευσάμενοι
913 768 970 834 οὐκ
1012 767 1143 855 ὀρθῶς,
1182 773 1257 853 έμοί
1293 774 1416 852 δοκεῖν,

82 939 85 950 ,
188 887 291 971 τριχῇ
316 879 437 943 διελεῖν
461 874 564 963 αὐτην
588 878 801 965 προείλοντο,
833 883 879 953 εἰς
902 882 962 966 τη“ν
987 874 1100 964 αόλην,
1133 877 1192 962 τὴν
1217 874 1415 964 οἷνδριονῖτιν

188 991 251 1050 καί
280 985 341 1050 τὸν
373 985 477 1050 ἄλλον
509 981 618 1049 οἰκον·
650 983 671 1071 η
699 985 761 1071 γοίρ
786 981 981 1071 δυδρυνῖτις
1006 981 1045 1049 οδ
1072 989 1161 1070 τρίτη
1185 994 1302 1072 μοῖρα,
1327 981 1413 1049 α’λλδ

186 1099 293 1179 μέρος
315 1098 377 1157 τοῦ
402 1093 495 1157 οἰκον
519 1096 608 1157 ἐστίν
618 1097 656 1176 ¹).

790 1211 872 1275 καί·

280 1319 355 1387 ’And
381 1327 437 1407 τῆς
462 1319 544 1387 δδοῦ
575 1329 622 1399 εἰς
645 1321 704 1408 την
729 1323 838 1386 οἰκίαν
862 1319 1002 1386 εἰσιόντι
1033 1327 1172 1408 πρῶτον
1194 1326 1256 1401 μέν
1279 1328 1351 1385 ἐστι
1374 1319 1414 1386 τό

188 1429 373 1516 πρόθυρον
396 1435 452 1494 καί
475 1428 496 1515 ἡ
520 1427 655 1506 αόλειος
677 1429 771 1514 θόρα
796 1428 992 1513 καλουμένη,
1016 1424 1090 1492 εἶτα
1115 1430 1149 1492 δέ
1174 1427 1253 1493 εἶ’σω
1279 1429 1336 1493 διὰ
1358 1433 1416 1514 τῆς

190 1536 303 1622 θύρας
334 1535 490 1622 προῖόντι
526 1542 634 1623 χῶρος
664 1533 852 1619 ὑπαίθριος
883 1539 939 1600 καί
975 1537 1309 1621 περιῳκοδομημένος
1348 1535 1416 1622 πρό

187 1645 257 1706 τοῦ
281 1643 374 1708 σ’ίκου
400 1639 661 1724 α’ναπέπταται,
691 1641 727 1718 ὃς
752 1639 835 1728 αόλη
861 1639 1110 1723 όνομόζεταιί).
1161 1645 1345 1728 Τοιγαροῦν
1368 1645 1418 1726 τῷ

188 1750 281 1813 κατὰ
303 1749 363 1834 τὴν
386 1751 500 1836 θόραν
526 1749 694 1831 ἱσταμένῳ
718 1755 774 1812 καὶ
798 1748 877 1812 εἴσω
902 1747 1021 1829 δρῶντι
1052 1746 1073 1834 ἤ
1100 1745 1183 1832 αόλι)
1208 1753 1416 1835 παραχρῆμα

186 1858 422 1939 ἐπιφαίνεται,
464 1853 504 1920 ‘H
527 1857 587 1941 γὰρ
608 1853 731 1939 Ἀθηνᾶ
755 1851 947 1942 ον’ρανόθεν
969 1855 1188 1920 κατελθοῦσα
1217 1858 1263 1930 εἰς
1283 1853 1417 1941 Ἰθάκην

191 1967 249 2026 καί
274 1967 386 2027 στᾶσα
411 1963 498 2026 κατὰ
522 1962 560 2026 τὸ
584 1962 763 2050 πρόθυρον
784 1965 839 2025 έπί
862 1966 922 2026 του
947 1959 1083 2026 ατίλείου
1101 1959 1204 2027 ου’δοῦ
1227 1968 1284 2048 τῆς
1303 1958 1416 2026 Ὀδυσ-

187 2074 279 2145 σέως
304 2071 411 2145 οἰκίας
438 2068 512 2156 όρηῖ,
545 2067 680 2134 ὁπόθεν
710 2069 867 2154 εἰστηκει,
898 2068 977 2144 τοὺς
1005 2073 1198 2155 μνηστῆρας
1228 2072 1416 2144 παίζοντας

187 2177 227 2238 έν
250 2182 290 2268 τῇ
315 2172 400 2267 αὐλῇ
424 2176 618 2257 πεσσοόςί).

724 2298 881 2368 Πρόθυρον.

284 2412 371 2489 Φέρε
403 2406 441 2490 δὴ
472 2406 594 2492 μικρὸν
625 2405 820 2487 ἐπισχόντες
857 2406 1129 2490 ἐπισκεψώμεθα
1160 2405 1199 2472 τὸ
1231 2407 1415 2494 πρόθυρον.

187 2508 284 2576 ’Ἐστι
306 2519 369 2593 μέν
394 2504 453 2576 οὖν
484 2513 677 2598 πρόθυρον,
710 2507 826 2598 ὥσπερ
854 2517 909 2577 καί
940 2510 1090 2592 τοῦνομα
1120 2515 1224 2599 δηλοῖ,
1256 2517 1326 2590 πᾶς
1349 2512 1417 2598 πρὸ

186 2623 259 2684 τῶν
281 2624 399 2706 θυρῶν
421 2620 544 2696 τόπος·
577 2622 633 2682 καί
657 2619 718 2704 γὰρ
743 2617 782 2683 οὗ
803 2619 909 2701 μόνον
933 2617 951 2686 ό
974 2619 1061 2684 κατὰ
1086 2620 1145 2705 την
1166 2618 1248 2686 όδόν
1268 2620 1334 2706 πρὸ
1358 2629 1417 2705 τῆς

190 2723 328 2791 αὐλείου
353 2727 463 2813 θόρας
492 2731 641 2813 χώροςέ),
674 2722 760 2790 οἰλλοὶ
792 2729 847 2790 καί
872 2725 890 2790 ό
913 2733 948 2790 ἐν
972 2733 1011 2818 τῇ
1043 2723 1127 2819 αὐλῇ
1158 2728 1224 2817 πρὸ
1255 2733 1323 2790 τῶν
1353 2731 1416 2790 τοῦ

188 2834 288 2898 οἰκον
312 2839 461 2919 θυριῖνῦ)
495 2837 551 2897 καὶ
575 2832 595 2898 δ
618 2832 685 2918 πρὸ
718 2837 774 2918 τῆς
804 2832 914 2920 θόρος
944 2837 1012 2896 τόν
1035 2834 1206 2914 θαλιίμων
1236 2834 1417 2918 πρόθυρον

189 2940 345 3004 καλεῖται
355 2947 391 3022 θ).
440 2941 490 3005 Τό
513 2966 547 3023 γε
570 2941 635 3026 μην
659 2940 748 3004 κατὰ
772 2939 831 3025 την
847 2935 983 3004 αόλειον
1002 2940 1114 3027 θύραν
1130 2941 1308 3028 πρόθυρον
1324 2939 1412 3004 πολι)

187 3049 257 3111 τοῖν
280 3043 392 3111 ἄλλων
416 3050 590 3132 διαφέρειν
615 3048 723 3112 δοκεῖ·
758 3043 798 3111 ου’
822 3047 882 3132 γὰρ
911 3047 1018 3126 μόνον
1043 3045 1062 3111 o‘
1086 3049 1153 3134 πρὸ
1186 3051 1243 3130 τη”ς
1274 3042 1412 3109 αὐλείου

188 3159 307 3240 χοῖρος,
326 3149 412 3217 ἀλλὰ
431 3157 488 3218 καί
513 3152 532 3218 ό
557 3152 656 3229 οόδός
681 3151 784 3228 αότός
808 3157 862 3216 καί
879 3155 1023 3238 βραχεῖα
1039 3180 1088 3230 τις
1103 3150 1181 3234 μετ’
1205 3147 1309 3216 αὐτόν
1332 3150 1412 3214 εἰσιν

187 3260 352 3342 διήκουσα
375 3261 501 3342 μεταξὺ
534 3267 600 3325 τῶν
629 3263 840 3345 ἑκατέρωθεν
872 3262 1050 3324 αἰθουσοῖν
1080 3261 1212 3333 εἰσοδος
1236 3257 1414 3343 πρόθυρον

189 3361 403 3445 ὀνομάζεται.
450 3372 515 3434 Καί
541 3371 617 3452 περὶ
641 3373 704 3448 μέν
728 3369 791 3430 τοῦ
814 3367 949 3452 πρώτου
974 3363 1017 3442 οἷς
1035 3372 1126 3430 ποίνυ
1145 3367 1292 3450 φανεροῦ
1317 3362 1414 3440 ὄντος

190 3467 289 3536 οὐδέν
315 3475 367 3537 δεῖ
388 3498 430 3556 με
454 3477 574 3558 λέγειν·
607 3478 686 3560 περί
711 3477 744 3539 δέ
775 3479 837 3537 τοῦ
868 3475 1020 3558 δευτέρου
1053 3469 1184 3558 οἰπόχρη
1215 3495 1275 3552 μοι
1306 3475 1414 3538 εἰπεῖν

187 3573 243 3644 ότι
256 3573 401 3664 Ὅμηρος
424 3581 616 3668 πεποιηκός
633 3582 691 3667 τὴν
712 3578 855 3668 Ἆθηνοῖν
878 3584 935 3644 ἐπὶ
959 3591 1030 3656 τοῖς
1045 3579 1237 3665 προθύροις
1260 3581 1414 3642 έστώσαν

187 3689 396 3773 παραχρῆμα
421 3687 560 3771 ἐπήγαγε
591 3689 629 3754 τό
656 3685 788 3754 οόδοό
819 3684 884 3754 ἐπ’
917 3683 1145 3771 αόλείουί),
1177 3683 1412 3770 α’κριβέστερον

188 3788 278 3857 οὕτω
310 3793 348 3857 τό
381 3799 520 3879 πρᾶγμα
552 3795 720 3880 διορίσας·
760 3800 838 3883 περὶ
870 3797 905 3860 δέ
933 3799 995 3860 τοῦ
1018 3800 1134 3880 τρίτου
1160 3799 1254 3878 σαφῆ
1278 3795 1413 3856 έννοιαν

281 3975 306 4042 1)
326 3971 377 4044 ὅρα
396 3977 429 4028 A.
451 3975 524 4032 ffirt,
552 3973 649 4025 (δοιοὶ).
672 3975 719 4025 der
738 3953 882 4026 Baukunst
899 3975 945 4026 bei
964 3975 1016 4026 den
1035 3975 1125 4036 Alton,
1153 3991 1215 4040 τομ,
1238 3975 1251 4021 1
1272 3970 1327 4022 σελ.
1348 3973 1410 4026 209.

188 4063 298 4130 Rumpf,
313 4067 345 4117 de
358 4067 417 4118 aed.
431 4065 510 4116 Hom.
526 4067 549 4127 1,
563 4063 619 4116 σελ.
634 4068 661 4115 3.
686 4065 715 4115 J.
731 4065 767 4116 Η.
782 4062 1163 4128 Κεουεε,1)οῖοοίιτειεεσελ.
1178 4063 1240 4112 480.
1260 4059 1411 4126 Winoklor‚

187 4151 233 4204 dle
253 4151 446 4206 Wohnhfiuser
466 4154 513 4204 der
532 4153 642 4204 Hellen.
663 4151 719 4206 σελ.
740 4155 783 4206 20.
900 4153 927 4219 2)
946 4146 1087 4213 Ἀθήναιος
1104 4153 1130 4209 5,
1150 4149 1205 4201 σελ.
1227 4149 1277 4202 189
1297 4167 1321 4200 κ.
1341 4145 1411 4213 ibic.

188 4239 299 4308 Rumpf,
321 4241 354 4293 do
374 4244 434 4295 aed.
450 4244 529 4292 Hom.
546 4246 571 4293 1.
586 4241 641 4294 σελ.
657 4245 684 4293 6.
758 4242 785 4306 3)
803 4236 1032 4296 Ὀδ.Α.103-8.
1106 4240 1134 4302 4)
1151 4233 1197 4289 ’οδ
1213 4240 1246 4290 Α.
1268 4240 1327 4302 103,
1348 4239 1409 4289 110.

187 4329 218 4381 Λ.
240 4331 284 4384 20.
302 4333 332 4384 ἰί.
349 4333 374 4384 4.
397 4327 429 4388 Ξ.
445 4333 487 4382 34.
560 4333 587 4396 ἰν)
606 4323 650 4382 ’οδ
665 4333 700 4381 Σ.
716 4333 757 4387 10,
772 4333 830 4381 101.
854 4333 885 4381 Y.
906 4333 965 4384 355.
990 4331 1025 4381 Φ.
1047 4329 1108 4383 299.
1129 4329 1167 4381 X.
1182 4331 1244 4379 474.
1312 4329 1338 4394 6)
1357 4319 1409 4377 Ὀδ.

187 4420 222 4474 (¹).
245 4419 304 4483 804,
327 4421 388 4474 82⁶.
465 4421 492 4482 7)
510 4413 559 4471 Ὀδ.
582 4421 613 4471 Α.
636 4422 749 4471 103-4.
