3114 4810
795 237 837 302 20

202 411 355 472 ένιιπίων
371 405 654 495 ἀμφισβητήσεως
670 407 888 497 ὑπαρχούσης
901 411 1037 488 εἰκότως
1052 418 1242 500 συμβέβηκε
1257 417 1303 505 μὴ
1318 416 1431 484 ταύτά
1532 425 1533 442 ³

201 517 279 600 περί
301 517 368 580 τών
392 512 505 579 αύτών
527 517 726 600 γιγνώσκειν,
760 513 848 582 ἀλλά
878 536 964 582 τισι·
977 523 1040 601 μέν
1070 521 1115 584 τὰ
1143 519 1354 611 ἑκατέρωθεν
1371 533 1431 612 τῆς

203 617 337 686 αύλείου
360 621 473 707 θύρας
495 622 624 704 πλάγια
640 630 701 688 τοῦ
723 629 837 704 τοίχου
859 629 952 710 μέρη,
977 619 1000 687 δι’
1023 626 1071 701 εἰς
1087 627 1147 711 την
1164 625 1245 695 όόδν
1259 631 1430 718 βλέπειί),

201 729 303 803 ἐνίοις
328 730 364 792 δέ
386 727 466 804 τούς
488 729 582 804 ἐντός
605 726 807 815 ἀμφοτέρων
837 733 904 794 τών
927 733 1045 816 θυρών
1076 734 1164 798 κατά
1188 737 1250 812 τάς
1272 740 1429 816 εἰσόδους

200 841 342 916 τοίχους,
366 839 401 898 οἳ
422 837 523 900 ένθευ
553 839 613 900 καί
642 839 743 901 ένθεν
772 840 820 921 τηῐ
851 836 994 901 εἰσιόντι
1023 834 1246 920 ἀνιστάμενοι
1271 841 1428 929 ἀλλήλοις

203 937 421 1022 ἐπίκεινται,
445 941 576 1005 ἐνώπια
598 938 687 1008 εἶναι
711 945 871 1028 δοκεῑνί).
914 940 989 1024 Ἐγώ
1015 946 1050 1008 δέ
1072 944 1134 1022 τάς
1156 948 1288 1029 γνώμας
1312 946 1426 1013 αύτών

201 1053 330 1132 χαίρειν
361 1053 517 1112 ἐνταῦθα
549 1048 656 1126 ἐάσας
686 1048 901 1136 πειράσομαι
931 1053 967 1125 έξ
988 1047 1098 1115 αύτών
1128 1057 1195 1117 τών
1224 1055 1423 1140 ποιημάτων

200 1151 289 1218 κατὰ
313 1153 351 1217 τὸ
377 1155 524 1220 δυνατόν
548 1157 724 1238 ἐπιδεῖξαι,
757 1153 845 1220 ὅπου
875 1157 919 1220 τὰ
949 1158 1080 1222 ἐνώπια
1106 1150 1156 1242 ἦν.
1207 1157 1256 1226 Ἐν
1279 1168 1339 1240 μὲν
1363 1152 1424 1225 ούν
1517 1195 1520 1206 ·

198 1258 374 1340 Ὀδυσσείᾳ
397 1259 525 1344 λέγεται
547 1263 609 1327 τδν
630 1263 830 1350 Τηλέμαχον
852 1269 909 1328 καί
924 1269 1173 1352 Πεισίστρατον
1198 1263 1427 1351 ἀφικομένους

202 1370 250 1441 εἰς
274 1365 313 1430 τὸ
337 1367 520 1432 Μενελάου
545 1367 735 1457 ἀνάκτορον
766 1376 886 1456 στῆναι
910 1374 1046 1456 πρῶτον
1068 1373 1156 1436 κατά
1182 1375 1220 1440 τό
1244 1378 1427 1459 πρόθυρον

200 1476 259 1558 τῆς
282 1469 419 1537 αύλείου
442 1475 553 1560 θύρας
576 1476 662 1557 μετά
688 1481 758 1541 τών
778 1477 904 1560 ἵππων,
929 1475 1001 1544 εἶτα
1027 1479 1062 1542 δέ
1086 1475 1204 1544 ἰδόντα
1222 1478 1343 1556 αύτούς
1365 1481 1427 1544 τὸν

200 1580 406 1664 θεράποντα
435 1577 604 1665 Ἐτεωνέα,
637 1583 860 1656 κελεύσαντος
889 1587 953 1645 τοῦ
982 1585 1184 1668 Μενελάου,
1216 1588 1428 1673 προσελθεῖν

199 1689 284 1766 μετὰ
303 1690 371 1750 τών
389 1683 499 1751 ἄλλων
516 1693 655 1752 οἰκετῶν
667 1693 724 1752 καί
736 1687 815 1757 τούς
829 1690 892 1762 μέν
907 1684 1037 1756 ἵππους
1051 1687 1226 1766 λύσαντας
1238 1695 1427 1778 καταδῆσαι

201 1790 253 1876 ἐφ’
276 1793 430 1883 ἱππείῃσι
453 1795 592 1882 κάπῃσι,
624 1793 666 1855 τά
692 1793 727 1853 δέ
752 1787 928 1872 όίρματα
951 1787 1100 1852 κλῖναι
1123 1795 1233 1874 πρός
1257 1799 1426 1860 ένώπια

200 1889 553 1982 παμφανόωντα,
579 1894 698 1970 αύτούς
722 1896 756 1958 δέ
779 1893 856 1967 τούς
881 1895 993 1968 ξένους
1016 1895 1113 1959 ένδον
1135 1896 1221 1979 πρός
1241 1897 1425 1961 Μενέλαον

200 2007 439 2087 εἰσαγαγεῖν3)·
471 2001 558 2082 μετὰ
590 2001 626 2063 δέ
656 2005 765 2065 ταῦτα
797 2001 1094 2089 διαπραξαμένους
1124 1998 1232 2066 πάνθ’
1257 1991 1303 2068 ών
1325 2003 1421 2066 ένεκα

200 2111 287 2196 πρός
311 2107 492 2174 Μενέλαον
514 2099 634 2191 ἦλθον,
664 2111 730 2174 καὶΔ
753 2106 923 2174 ἀπελθεῖν
952 2109 1178 2191 βουλομένους
1209 2111 1322 2186 ζεῦξαι
1344 2107 1426 2184 τοὺς

198 2219 328 2292 ἵππους
350 2220 406 2280 καί
432 2213 631 2296 ἀναβάντας
654 2215 711 2280 ἐπὶ
733 2217 793 2300 τὴν
817 2212 953 2297 ἅμαξαν
977 2216 1138 2290 ἐξελάσαι
1159 2217 1351 2303 προθύροιο
1369 2219 1423 2278 καί

200 2325 368 2408 αἰθούσης
391 2320 625 2408 έριδούπουί).
667 2318 720 2385 Ἐν
751 2325 786 2386 δέ
812 2318 927 2387 Ἰλιάδι
958 2324 1088 2404 λέγεται
1116 2323 1176 2410 τὴν
1202 2322 1346 2408 Ἀθηνᾶν
1368 2325 1427 2385 καὶ

200 2430 260 2514 τὴν
281 2427 586 2512 Ἥρανέπιβάσας
616 2432 684 2494 τών
716 2425 820 2510 ὀχέων
851 2429 1012 2502 ἐξελάσαι
1037 2429 1094 2492 διδι
1125 2433 1192 2492 τών
1215 2430 1329 2494 πυλών
1356 2431 1427 2511 (τῆς

200 2531 368 2620 αύλῆς)5),
399 2533 482 2616 μετὰ
499 2535 629 2622 ’μικρὸν
659 2538 694 2599 δέ
718 2530 829 2599 αύτών
852 2534 1120 2598 ἐπανελθουσῶν
1150 2539 1212 2609 τοὶς
1225 2529 1326 2620 Ὥρας
1349 2533 1427 2608 τοὺς

139 2652 143 2659 “
198 2645 261 2723 μέν
282 2641 411 2716 ἵππους
434 2641 537 2706 λύσαι
561 2647 621 2706 καί
641 2637 693 2706 ἐπ’
717 2638 924 2732 ἀμβροσίῃσι
947 2640 1075 2730 κάπῃσι
1098 2643 1301 2726 καταδῆσαι,
1324 2640 1367 2704 τά
1393 2635 1426 2702 δ’

200 2744 338 2834 ἅρματα
363 2748 471 2834 πρὸς
494 2749 661 2813 ἐνώπια
686 2746 1025 2832 παμφανόωντα
1049 2748 1248 2832 κλῖναιί).
1291 2743 1427 2812 Ἐκτοῖν

199 2856 379 2941 εἰρημένων
392 2859 537 2938 γίγνεται
547 2856 706 2942 φανερόν,
722 2854 776 2920 ότι
788 2861 831 2918 τοὶ
845 2855 974 2918 ἐνώπια
987 2853 1047 2919 ούκ
1061 2861 1152 2919 ἐστιν
1165 2857 1228 2938 ἐξω
1242 2856 1299 2938 τῆς
1313 2849 1427 2938 αύλῆς,

199 2963 279 3044 λέγω
298 2961 336 3046 δὴ
360 2960 403 3024 τά
427 2967 643 3048 ἑκατέρωθεν
666 2967 724 3048 τῆς
746 2957 882 3026 αὐλείου
899 2962 1008 3048 θύρας
1024 2962 1111 3026 κατά
1126 2960 1185 3046 τὴν
1201 2958 1281 3025 ὁδόν
1298 2959 1425 3040 πλάγια

200 3073 263 3133 τού
287 3072 461 3154 προσθίαν
484 3075 607 3151 τοίχου,
633 3065 701 3145 ἀλλ’
725 3069 819 3143 ἐντός
844 3064 975 3153 αύτῆς.’
998 3067 1106 3152 Εἴπερ
1130 3069 1191 3152 γάρ
1215 3067 1259 3130 τά
1282 3065 1427 3147 ἐνώπια,

201 3171 337 3262 πρόςά
367 3174 411 3239 τὰ
445 3171 583 3260 ἅρματα
616 3171 875 3260 ἀφικνουμένων
904 3180 972 3238 τών
1003 3176 1103 3248 ξένων
1132 3173 1300 3254 ἐκλίνετο,
1332 3173 1427 3248 ἐκτὸς
1497 3191 1500 3200 ·

200 3284 257 3367 τῆς
282 3281 383 3369 αύλῆς
414 3281 588 3364 ἐτύγχανεν
618 3277 713 3362 ὅντα,
746 3277 806 3344 ούκ
839 3277 881 3345 ἀν
912 3277 1152 3368 ἀπερχομένων
1183 3275 1296 3344 αύτών
1328 3275 1424 3362 ὀλίγῳ

200 3386 343 3474 ύστερον
373 3388 412 3452 τὸ
450 3387 640 3478 ἐξελαύνειν
670 3391 731 3452 τού
761 3389 940 3474 προθύρου
976 3391 1032 3452 καί
1062 3392 1119 3474 τῆς
1150 3386 1317 3470 αἰθούσης
1347 3392 1424 3472 περὶ

292 3655 318 3721 1)
338 3654 461 3708 Εύσιαθ.
481 3653 512 3707 έν
527 3649 571 3707 Ἰλ.
595 3657 625 3708 Θ.
645 3656 701 3708 σελ.
722 3658 783 3718 722,
799 3659 824 3707 4.
858 3655 949 3707 Sohol.
963 3672 1053 3722 graec.
1068 3654 1151 3704 Dind.
1166 3673 1227 3722 τομ.
1245 3659 1268 3716 1,
1290 3654 1345 3708 σελ.
1361 3660 1423 3710 290.

201 3747 228 3811 2)
249 3745 363 3811 Rumpf,
390 3744 423 3795 de
441 3745 502 3798 aed.
523 3747 604 3798 Hom.
627 3747 651 3807 1,
674 3743 728 3796 σοί.
751 3748 783 3796 13
803 3761 829 3796 κ.
851 3740 920 3808 ἑξῆς,
945 3744 992 3795 καί
1010 3745 1072 3798 Taf.
1094 3747 1118 3802 1,
1141 3745 1204 3809 Fig.
1231 3749 1255 3807 2,
1275 3762 1298 3796 ο.
1322 3741 1424 3798 ἐνώπια

200 3831 335 3890 πυλώνος.
364 3852 380 3899 ι,
400 3830 504 3885 ἐνώπια
523 3830 657 3900 δώματος.
692 3833 784 3884 Schol.
805 3849 896 3899 graec.
916 3833 1002 3886 Dind.
1023 3833 1054 3883 ἐν
1067 3828 1112 3884 Ἷλ,
1131 3837 1165 3884 Ν.
1186 3851 1246 3900 ιομ.
1261 3837 1286 3895 2,
1307 3833 1362 3885 σιλ.
1379 3838 1422 3888 14.
1465 3823 1466 3826 “

201 3920 302 3975 πονου.
323 3917 403 3989 ὄνομ.
425 3925 451 3984 ι,
474 3925 517 3976 53.
543 3923 615 3974 νοω
636 3922 762 3989 [Kayser]
790 3923 820 3973 ιι
841 3916 894 3973 ὀυ
913 3923 943 3972 Δ.
962 3899 1007 3974 ον’.
1042 3924 1069 3973 ‘0
1094 3920 1123 3974 οε
1141 3923 1312 3984 marioth,
1340 3923 1423 3977 Hom.

201 4011 338 4064 W6rterb.
360 4012 416 4063 οεί.
438 4013 499 4072 100,
519 4011 566 4062 καί
584 4013 598 4064 δ
618 4011 704 4062 Seiler
723 4013 754 4063 ἐν
776 4009 813 4080 τῷ
831 4012 913 4062 Hom.
940 4011 1076 4064 W'drterb.
1103 4010 1158 4064 οιλ.
1180 4013 1241 4071 212,
1268 4011 1314 4062 καί
1331 4011 1424 4064 Αιυοὶε

202 4099 328 4165 (Hentze)
348 4098 378 4152 έν
392 4094 447 4152 Ὀδ.
468 4102 498 4150 Δ.
520 4103 564 4154 42.
585 4098 719 4153 θέλουσιν
737 4094 840 4152 ἐνώπια
858 4095 930 4152 εἰναι
948 4097 1050 4170 μόνους
1068 4097 1130 4156 τούς
1146 4101 1271 4150 ἐναντίον
1283 4103 1425 4170 κειμένους

201 4187 247 4252 τῆς
266 4183 371 4240 αόλείου
390 4183 481 4262 θύρας
493 4193 608 4260 τοίχους,
625 4189 661 4245 alc
673 4189 718 4240 καί
738 4189 752 4240 ό
770 4189 892 4250 Νἰίιεοίι,
907 4188 986 4242 Διιιυ.
1000 4207 1060 4260 τομ.
1076 4194 1099 4250 1,
1115 4187 1171 4239 σεί.
1187 4189 1248 4240 236.
1323 4192 1351 4252 3)
1366 4183 1421 4242 Ὀδ.

202 4279 234 4330 Α.
255 4280 370 4328 κο-ιν,
463 4269 559 4344 ι)ὀε.
582 4282 610 4330 ο.
632 4281 692 4330 146.
714 4283 779 4349 πρυ.
800 4277 926 4329 καίνει.
1018 4279 1046 4344 ε)
1064 4271 1106 4332 ³12.
1129 4277 1161 4326 ο.
1183 4279 1244 4330 393.
1330 4272 1421 4344 ο)ἰι.

205 4365 235 4416 Θ.
255 4368 372 4424 433-5.
