<?xml version="1.0" encoding="UTF-8"?>
<!DOCTYPE html PUBLIC "-//W3C//DTD XHTML 1.0 Transitional//EN"
    "http://www.w3.org/TR/xhtml1/DTD/xhtml1-transitional.dtd">
<html xmlns="http://www.w3.org/1999/xhtml" xml:lang="en" lang="en">
 <head>
  <title>
</title>
<meta http-equiv="Content-Type" content="text/html;charset=utf-8" />
  <meta name='ocr-system' content='tesseract 3.04.00' />
  <meta name='ocr-capabilities' content='ocr_page ocr_carea ocr_par ocr_line ocrx_word'/>
</head>
<body>
  <div class='ocr_page' id='page_1' title='image "./deaedibushomeri00prgoog_0016.png"; bbox 0 0 3114 4810; ppageno 0'>
   <div class='ocr_carea' id='block_1_1' title="bbox 755 298 774 362">
    <p class='ocr_par' dir='ltr' id='par_1_1' title="bbox 755 298 774 362">
     <span class='ocr_line' id='line_1_1' title="bbox 755 298 774 362; baseline 0 0"><span class='ocrx_word' id='word_1_1' title='bbox 755 298 774 362; x_wconf 88' lang='grc'>9</span> 
     </span>
    </p>
   </div>
   <div class='ocr_carea' id='block_1_2' title="bbox 137 464 1379 880">
    <p class='ocr_par' dir='ltr' id='par_1_2' title="bbox 137 464 1379 880">
     <span class='ocr_line' id='line_1_2' title="bbox 137 464 1376 555; baseline -0.006 -15"><span class='ocrx_word' id='word_1_2' title='bbox 137 475 267 555; x_wconf 98' lang='grc' dir='ltr'><em>μάτων</em></span> <span class='ocrx_word' id='word_1_3' title='bbox 298 473 409 554; x_wconf 71' lang='grc' dir='ltr'><em>λαβεῖν</em></span> <span class='ocrx_word' id='word_1_4' title='bbox 439 469 506 537; x_wconf 84' lang='grc' dir='ltr'><em>ὅσα</em></span> <span class='ocrx_word' id='word_1_5' title='bbox 544 467 663 547; x_wconf 83' lang='grc' dir='ltr'><em>αότοῖς</em></span> <span class='ocrx_word' id='word_1_6' title='bbox 693 469 791 536; x_wconf 82' lang='grc' dir='ltr'><em>κοινά</em></span> <span class='ocrx_word' id='word_1_7' title='bbox 830 470 984 553; x_wconf 75' lang='grc' dir='ltr'><em>τυγχάνει</em></span> <span class='ocrx_word' id='word_1_8' title='bbox 1013 470 1069 533; x_wconf 80' lang='grc' dir='ltr'><em>καί</em></span> <span class='ocrx_word' id='word_1_9' title='bbox 1100 464 1257 555; x_wconf 74' lang='grc' dir='ltr'><em>ἀλλήλοις</em></span> <span class='ocrx_word' id='word_1_10' title='bbox 1286 467 1376 532; x_wconf 82' lang='grc' dir='ltr'><em>κατά</em></span> 
     </span>
     <span class='ocr_line' id='line_1_3' title="bbox 138 570 1378 669; baseline -0.006 -24"><span class='ocrx_word' id='word_1_11' title='bbox 138 580 250 654; x_wconf 86' lang='grc' dir='ltr'><em>τάξιν</em></span> <span class='ocrx_word' id='word_1_12' title='bbox 274 581 432 669; x_wconf 80' lang='grc' dir='ltr'><em>συνάψας</em></span> <span class='ocrx_word' id='word_1_13' title='bbox 461 582 546 658; x_wconf 91' lang='grc' dir='ltr'><em>μίαν</em></span> <span class='ocrx_word' id='word_1_14' title='bbox 568 583 675 652; x_wconf 85' lang='grc' dir='ltr'><em>οἰκίας</em></span> <span class='ocrx_word' id='word_1_15' title='bbox 706 579 799 642; x_wconf 83' lang='grc' dir='ltr'><em>ίδέαν</em></span> <span class='ocrx_word' id='word_1_16' title='bbox 823 573 867 653; x_wconf 72' lang='grc' dir='ltr'><em>οῖς</em></span> <span class='ocrx_word' id='word_1_17' title='bbox 892 570 1022 643; x_wconf 82' lang='grc' dir='ltr'><em>οἷόντε</em></span> <span class='ocrx_word' id='word_1_18' title='bbox 1046 572 1166 662; x_wconf 77' lang='grc' dir='ltr'><em>α’κριβῆ</em></span> <span class='ocrx_word' id='word_1_19' title='bbox 1191 571 1378 648; x_wconf 84' lang='grc' dir='ltr'><em>άποδεῖξαι</em></span> 
     </span>
     <span class='ocr_line' id='line_1_4' title="bbox 141 682 1379 773; baseline -0.005 -22"><span class='ocrx_word' id='word_1_20' title='bbox 141 686 383 773; x_wconf 85' lang='grc' dir='ltr'><em>πειράσομαι·</em></span> <span class='ocrx_word' id='word_1_21' title='bbox 407 683 494 750; x_wconf 73' lang='grc' dir='ltr'><em>ἀλλὰ</em></span> <span class='ocrx_word' id='word_1_22' title='bbox 517 688 577 748; x_wconf 76' lang='grc' dir='ltr'><em>καί</em></span> <span class='ocrx_word' id='word_1_23' title='bbox 592 688 673 772; x_wconf 77' lang='grc' dir='ltr'><em>περὶ</em></span> <span class='ocrx_word' id='word_1_24' title='bbox 687 690 755 750; x_wconf 82' lang='grc' dir='ltr'><em>τοῖν</em></span> <span class='ocrx_word' id='word_1_25' title='bbox 769 683 923 760; x_wconf 80' lang='grc' dir='ltr'><em>ἑκάστοις</em></span> <span class='ocrx_word' id='word_1_26' title='bbox 938 682 1136 770; x_wconf 85' lang='grc' dir='ltr'><em>προσόντων</em></span> <span class='ocrx_word' id='word_1_27' title='bbox 1150 687 1185 746; x_wconf 82' lang='grc' dir='ltr'><em>έν</em></span> <span class='ocrx_word' id='word_1_28' title='bbox 1200 687 1249 766; x_wconf 81' lang='grc' dir='ltr'><em>τηῖ</em></span> <span class='ocrx_word' id='word_1_29' title='bbox 1265 686 1379 764; x_wconf 82' lang='grc' dir='ltr'><em>οἰκείῳ</em></span> 
     </span>
     <span class='ocr_line' id='line_1_5' title="bbox 142 792 650 880; baseline -0.002 -23"><span class='ocrx_word' id='word_1_30' title='bbox 142 792 245 877; x_wconf 89' lang='grc' dir='ltr'><em>τόπῳ</em></span> <span class='ocrx_word' id='word_1_31' title='bbox 270 792 312 857; x_wconf 87' lang='grc' dir='ltr'><em>τοί</em></span> <span class='ocrx_word' id='word_1_32' title='bbox 337 792 552 880; x_wconf 84' lang='grc' dir='ltr'><em>προσήκοντα</em></span> <span class='ocrx_word' id='word_1_33' title='bbox 575 797 650 878; x_wconf 81' lang='grc' dir='ltr'><em>ἐρῶ.</em></span> 
     </span>
    </p>
   </div>
   <div class='ocr_carea' id='block_1_3' title="bbox 609 952 917 1022">
    <p class='ocr_par' dir='ltr' id='par_1_3' title="bbox 609 952 917 1022">
     <span class='ocr_line' id='line_1_6' title="bbox 609 952 917 1022; baseline -0.003 -17"><span class='ocrx_word' id='word_1_34' title='bbox 609 955 742 1022; x_wconf 79' lang='grc' dir='ltr'><em>Διαίρεσις</em></span> <span class='ocrx_word' id='word_1_35' title='bbox 760 952 807 1018; x_wconf 77' lang='grc' dir='ltr'><em>τῆς</em></span> <span class='ocrx_word' id='word_1_36' title='bbox 824 953 917 1009; x_wconf 85' lang='grc' dir='ltr'><em>οίκίας.</em></span> 
     </span>
    </p>
   </div>
   <div class='ocr_carea' id='block_1_4' title="bbox 141 1067 1426 4252">
    <p class='ocr_par' dir='ltr' id='par_1_4' title="bbox 142 1067 1377 1909">
     <span class='ocr_line' id='line_1_7' title="bbox 237 1067 1374 1166; baseline -0.004 -24"><span class='ocrx_word' id='word_1_37' title='bbox 237 1083 344 1142; x_wconf 79' lang='grc' dir='ltr'><em>Πόσα</em></span> <span class='ocrx_word' id='word_1_38' title='bbox 376 1081 466 1143; x_wconf 87' lang='grc' dir='ltr'><em>οίκία</em></span> <span class='ocrx_word' id='word_1_39' title='bbox 499 1077 573 1166; x_wconf 78' lang='grc' dir='ltr'><em>διχῇ</em></span> <span class='ocrx_word' id='word_1_40' title='bbox 609 1082 811 1164; x_wconf 79' lang='grc' dir='ltr'><em>μεμέρισται</em></span> <span class='ocrx_word' id='word_1_41' title='bbox 841 1074 889 1150; x_wconf 82' lang='grc' dir='ltr'><em>είς</em></span> <span class='ocrx_word' id='word_1_42' title='bbox 920 1097 957 1138; x_wconf 91' lang='grc' dir='ltr'><em>τε</em></span> <span class='ocrx_word' id='word_1_43' title='bbox 987 1073 1026 1138; x_wconf 92' lang='grc' dir='ltr'><em>τό</em></span> <span class='ocrx_word' id='word_1_44' title='bbox 1067 1067 1208 1154; x_wconf 82' lang='grc' dir='ltr'><em>άστεγον</em></span> <span class='ocrx_word' id='word_1_45' title='bbox 1246 1074 1303 1136; x_wconf 81' lang='grc' dir='ltr'><em>καί</em></span> <span class='ocrx_word' id='word_1_46' title='bbox 1333 1071 1374 1138; x_wconf 84' lang='grc' dir='ltr'><em>τὸ</em></span> 
     </span>
     <span class='ocr_line' id='line_1_8' title="bbox 144 1174 1376 1267; baseline -0.003 -21"><span class='ocrx_word' id='word_1_47' title='bbox 144 1183 410 1267; x_wconf 76' lang='grc' dir='ltr'><em>ἐστεγασμένον·</em></span> <span class='ocrx_word' id='word_1_48' title='bbox 442 1186 495 1247; x_wconf 88' lang='grc' dir='ltr'><em>καί</em></span> <span class='ocrx_word' id='word_1_49' title='bbox 527 1182 667 1267; x_wconf 85' lang='grc' dir='ltr'><em>άστεγον</em></span> <span class='ocrx_word' id='word_1_50' title='bbox 697 1191 758 1264; x_wconf 90' lang='grc' dir='ltr'><em>μέν</em></span> <span class='ocrx_word' id='word_1_51' title='bbox 780 1189 872 1246; x_wconf 77' lang='grc' dir='ltr'><em>ἐστιν</em></span> <span class='ocrx_word' id='word_1_52' title='bbox 894 1177 914 1265; x_wconf 80' lang='grc' dir='ltr'><em>ἡ</em></span> <span class='ocrx_word' id='word_1_53' title='bbox 938 1174 1041 1265; x_wconf 79' lang='grc' dir='ltr'><em>αόίή,</em></span> <span class='ocrx_word' id='word_1_54' title='bbox 1073 1180 1316 1261; x_wconf 76' lang='grc' dir='ltr'><em>ἐστεγασμένον</em></span> <span class='ocrx_word' id='word_1_55' title='bbox 1339 1179 1376 1243; x_wconf 79' lang='grc' dir='ltr'><em>δέ</em></span> 
     </span>
     <span class='ocr_line' id='line_1_9' title="bbox 148 1281 1376 1371; baseline -0.002 -18"><span class='ocrx_word' id='word_1_56' title='bbox 148 1286 169 1352; x_wconf 88' lang='grc' dir='ltr'><em>ό</em></span> <span class='ocrx_word' id='word_1_57' title='bbox 196 1286 296 1366; x_wconf 78' lang='grc' dir='ltr'><em>οἶκος.</em></span> <span class='ocrx_word' id='word_1_58' title='bbox 343 1290 446 1356; x_wconf 80' lang='grc' dir='ltr'><em>Καλῶ</em></span> <span class='ocrx_word' id='word_1_59' title='bbox 469 1292 505 1354; x_wconf 84' lang='grc' dir='ltr'><em>δέ</em></span> <span class='ocrx_word' id='word_1_60' title='bbox 529 1285 620 1355; x_wconf 77' lang='grc' dir='ltr'><em>οἷκον</em></span> <span class='ocrx_word' id='word_1_61' title='bbox 648 1287 766 1354; x_wconf 90' lang='grc' dir='ltr'><em>πάντα</em></span> <span class='ocrx_word' id='word_1_62' title='bbox 789 1287 833 1352; x_wconf 85' lang='grc' dir='ltr'><em>τά</em></span> <span class='ocrx_word' id='word_1_63' title='bbox 857 1293 976 1371; x_wconf 77' lang='grc' dir='ltr'><em>συνεχῆ</em></span> <span class='ocrx_word' id='word_1_64' title='bbox 998 1291 1056 1352; x_wconf 82' lang='grc' dir='ltr'><em>καὶ</em></span> <span class='ocrx_word' id='word_1_65' title='bbox 1079 1281 1236 1370; x_wconf 76' lang='grc' dir='ltr'><em>ἀλλήλοις</em></span> <span class='ocrx_word' id='word_1_66' title='bbox 1258 1309 1376 1352; x_wconf 84' lang='grc' dir='ltr'><em>κοινω·</em></span> 
     </span>
     <span class='ocr_line' id='line_1_10' title="bbox 145 1389 1376 1482; baseline -0.003 -22"><span class='ocrx_word' id='word_1_67' title='bbox 145 1400 274 1462; x_wconf 82' lang='grc' dir='ltr'><em>νοῦντα</em></span> <span class='ocrx_word' id='word_1_68' title='bbox 303 1399 371 1461; x_wconf 79' lang='grc' dir='ltr'><em>τεόν</em></span> <span class='ocrx_word' id='word_1_69' title='bbox 403 1397 611 1482; x_wconf 83' lang='grc' dir='ltr'><em>οἰκημάτων,</em></span> <span class='ocrx_word' id='word_1_70' title='bbox 643 1399 718 1478; x_wconf 86' lang='grc' dir='ltr'><em>καὶ,</em></span> <span class='ocrx_word' id='word_1_71' title='bbox 748 1396 806 1460; x_wconf 76' lang='grc' dir='ltr'><em>ἰ’νοι</em></span> <span class='ocrx_word' id='word_1_72' title='bbox 831 1389 916 1458; x_wconf 79' lang='grc' dir='ltr'><em>καθ’</em></span> <span class='ocrx_word' id='word_1_73' title='bbox 938 1390 1086 1480; x_wconf 86' lang='grc' dir='ltr'><em>Ὅμηρον</em></span> <span class='ocrx_word' id='word_1_74' title='bbox 1116 1391 1219 1474; x_wconf 76' lang='grc' dir='ltr'><em>εἰπω,</em></span> <span class='ocrx_word' id='word_1_75' title='bbox 1249 1392 1299 1456; x_wconf 85' lang='grc' dir='ltr'><em>τά</em></span> <span class='ocrx_word' id='word_1_76' title='bbox 1331 1395 1376 1470; x_wconf 79' lang='grc' dir='ltr'><em>ἐξ</em></span> 
     </span>
     <span class='ocr_line' id='line_1_11' title="bbox 142 1497 1377 1592; baseline -0.004 -25"><span class='ocrx_word' id='word_1_77' title='bbox 142 1508 303 1591; x_wconf 88' lang='grc' dir='ltr'><em>έτέρων</em></span> <span class='ocrx_word' id='word_1_78' title='bbox 333 1505 481 1592; x_wconf 70' lang='grc' dir='ltr'><em>ἕτερα,</em></span> <span class='ocrx_word' id='word_1_79' title='bbox 513 1500 536 1567; x_wconf 77' lang='grc' dir='ltr'><em>ά</em></span> <span class='ocrx_word' id='word_1_80' title='bbox 570 1499 649 1568; x_wconf 76' lang='grc' dir='ltr'><em>ὅλον</em></span> <span class='ocrx_word' id='word_1_81' title='bbox 679 1527 712 1568; x_wconf 91' lang='grc' dir='ltr'><em>τι</em></span> <span class='ocrx_word' id='word_1_82' title='bbox 739 1497 973 1566; x_wconf 78' lang='grc' dir='ltr'><em>άποτελοόντα</em></span> <span class='ocrx_word' id='word_1_83' title='bbox 1001 1499 1088 1586; x_wconf 87' lang='grc' dir='ltr'><em>πρός</em></span> <span class='ocrx_word' id='word_1_84' title='bbox 1119 1499 1181 1574; x_wconf 87' lang='grc' dir='ltr'><em>τὰς</em></span> <span class='ocrx_word' id='word_1_85' title='bbox 1204 1502 1377 1574; x_wconf 77' lang='grc' dir='ltr'><em>παντοίας</em></span> 
     </span>
     <span class='ocr_line' id='line_1_12' title="bbox 143 1602 1375 1697; baseline -0.002 -25"><span class='ocrx_word' id='word_1_86' title='bbox 143 1611 202 1694; x_wconf 81' lang='grc' dir='ltr'><em>τῆς</em></span> <span class='ocrx_word' id='word_1_87' title='bbox 234 1609 391 1695; x_wconf 75' lang='grc' dir='ltr'><em>οἰκήσεως</em></span> <span class='ocrx_word' id='word_1_88' title='bbox 420 1613 535 1697; x_wconf 79' lang='grc' dir='ltr'><em>χρείας</em></span> <span class='ocrx_word' id='word_1_89' title='bbox 567 1605 791 1694; x_wconf 78' lang='grc' dir='ltr'><em>ῳῖκοδόμηται.</em></span> <span class='ocrx_word' id='word_1_90' title='bbox 842 1602 1019 1681; x_wconf 75' lang='grc' dir='ltr'><em>Ὀδυσσεὺς</em></span> <span class='ocrx_word' id='word_1_91' title='bbox 1049 1607 1130 1688; x_wconf 77' lang='grc' dir='ltr'><em>γοῦν</em></span> <span class='ocrx_word' id='word_1_92' title='bbox 1161 1603 1265 1682; x_wconf 81' lang='grc' dir='ltr'><em>αότδς</em></span> <span class='ocrx_word' id='word_1_93' title='bbox 1295 1611 1375 1693; x_wconf 77' lang='grc' dir='ltr'><em>περὶ</em></span> 
     </span>
     <span class='ocr_line' id='line_1_13' title="bbox 146 1712 1376 1801; baseline -0.002 -22"><span class='ocrx_word' id='word_1_94' title='bbox 146 1720 205 1801; x_wconf 82' lang='grc' dir='ltr'><em>τῆς</em></span> <span class='ocrx_word' id='word_1_95' title='bbox 236 1717 324 1792; x_wconf 85' lang='grc' dir='ltr'><em>ὶδίας</em></span> <span class='ocrx_word' id='word_1_96' title='bbox 357 1717 465 1790; x_wconf 86' lang='grc' dir='ltr'><em>οίκίας</em></span> <span class='ocrx_word' id='word_1_97' title='bbox 494 1712 635 1800; x_wconf 83' lang='grc' dir='ltr'><em>Εδμαίῳ</em></span> <span class='ocrx_word' id='word_1_98' title='bbox 661 1713 894 1796; x_wconf 80' lang='grc' dir='ltr'><em>διαλεγόμενος</em></span> <span class='ocrx_word' id='word_1_99' title='bbox 925 1713 1081 1797; x_wconf 81' lang='grc' dir='ltr'><em>τοιαύτην</em></span> <span class='ocrx_word' id='word_1_100' title='bbox 1111 1712 1148 1800; x_wconf 80' lang='grc' dir='ltr'><em>δη</em></span> <span class='ocrx_word' id='word_1_101' title='bbox 1179 1714 1376 1801; x_wconf 81' lang='grc' dir='ltr'><em>διαιρέσεως</em></span> 
     </span>
     <span class='ocr_line' id='line_1_14' title="bbox 147 1820 636 1909; baseline 0.004 -23"><span class='ocrx_word' id='word_1_102' title='bbox 147 1823 240 1886; x_wconf 76' lang='grc' dir='ltr'><em>ἰδέαν</em></span> <span class='ocrx_word' id='word_1_103' title='bbox 262 1820 341 1909; x_wconf 79' lang='grc' dir='ltr'><em>ἡμῖν</em></span> <span class='ocrx_word' id='word_1_104' title='bbox 363 1824 601 1888; x_wconf 81' lang='grc' dir='ltr'><em>ἐπιδείκνυσιν.</em></span> <span class='ocrx_word' id='word_1_105' title='bbox 612 1828 636 1908; x_wconf 87' lang='lat'><em>¹)</em></span> 
     </span>
    </p>

    <p class='ocr_par' dir='ltr' id='par_1_5' title="bbox 374 1957 1138 2378">
     <span class='ocr_line' id='line_1_15' title="bbox 376 1957 1138 2036; baseline -0.001 -16"><span class='ocrx_word' id='word_1_106' title='bbox 376 1961 499 2036; x_wconf 73' lang='grc' dir='ltr'><em>,Εὔμαι’,</em></span> <span class='ocrx_word' id='word_1_107' title='bbox 520 1957 536 2030; x_wconf 76' lang='grc' dir='ltr'><em>ἦ</em></span> <span class='ocrx_word' id='word_1_108' title='bbox 554 1964 633 2035; x_wconf 72' lang='grc' dir='ltr'><em>μάλα</em></span> <span class='ocrx_word' id='word_1_109' title='bbox 653 1963 685 2032; x_wconf 78' lang='grc' dir='ltr'><em>δὴ</em></span> <span class='ocrx_word' id='word_1_110' title='bbox 703 1962 768 2018; x_wconf 80' lang='grc' dir='ltr'><em>τάδε</em></span> <span class='ocrx_word' id='word_1_111' title='bbox 787 1959 903 2036; x_wconf 78' lang='grc' dir='ltr'><em>δώματα</em></span> <span class='ocrx_word' id='word_1_112' title='bbox 922 1958 982 2018; x_wconf 77' lang='grc' dir='ltr'><em>κάλ’</em></span> <span class='ocrx_word' id='word_1_113' title='bbox 1001 1963 1138 2030; x_wconf 79' lang='grc' dir='ltr'><em>Ὀδυσῆος.</em></span> 
     </span>
     <span class='ocr_line' id='line_1_16' title="bbox 374 2047 1116 2129; baseline -0.005 -21"><span class='ocrx_word' id='word_1_114' title='bbox 374 2057 433 2128; x_wconf 86' lang='grc' dir='ltr'><em>ῥεῖα</em></span> <span class='ocrx_word' id='word_1_115' title='bbox 453 2051 482 2108; x_wconf 74' lang='grc' dir='ltr'><em>δ’</em></span> <span class='ocrx_word' id='word_1_116' title='bbox 502 2047 632 2129; x_wconf 77' lang='grc' dir='ltr'><em>άρίγνωτ’</em></span> <span class='ocrx_word' id='word_1_117' title='bbox 651 2055 706 2107; x_wconf 81' lang='grc' dir='ltr'><em>έσιῖ</em></span> <span class='ocrx_word' id='word_1_118' title='bbox 725 2055 770 2105; x_wconf 82' lang='grc' dir='ltr'><em>καὶ</em></span> <span class='ocrx_word' id='word_1_119' title='bbox 789 2053 819 2106; x_wconf 76' lang='grc' dir='ltr'><em>ἐν</em></span> <span class='ocrx_word' id='word_1_120' title='bbox 839 2054 977 2106; x_wconf 80' lang='grc' dir='ltr'><em>πολλοῖσιν</em></span> <span class='ocrx_word' id='word_1_121' title='bbox 996 2053 1116 2106; x_wconf 77' lang='grc' dir='ltr'><em>ίόέσδαι.</em></span> 
     </span>
     <span class='ocr_line' id='line_1_17' title="bbox 374 2137 1050 2216; baseline -0.006 -19"><span class='ocrx_word' id='word_1_122' title='bbox 374 2147 403 2206; x_wconf 83' lang='grc' dir='ltr'><em>ἑξ</em></span> <span class='ocrx_word' id='word_1_123' title='bbox 422 2145 520 2215; x_wconf 86' lang='grc' dir='ltr'><em>ἑτέρων</em></span> <span class='ocrx_word' id='word_1_124' title='bbox 540 2137 604 2216; x_wconf 74' lang='grc' dir='ltr'><em>ἕτερ’</em></span> <span class='ocrx_word' id='word_1_125' title='bbox 624 2142 705 2206; x_wconf 80' lang='grc' dir='ltr'><em>ἐστίν,</em></span> <span class='ocrx_word' id='word_1_126' title='bbox 727 2139 874 2206; x_wconf 76' lang='grc' dir='ltr'><em>ἐπήσκηται</em></span> <span class='ocrx_word' id='word_1_127' title='bbox 892 2142 923 2195; x_wconf 83' lang='grc' dir='ltr'><em>δέ</em></span> <span class='ocrx_word' id='word_1_128' title='bbox 940 2143 965 2194; x_wconf 85' lang='lat' dir='ltr'><em>ol</em></span> <span class='ocrx_word' id='word_1_129' title='bbox 984 2137 1050 2207; x_wconf 74' lang='grc' dir='ltr'><em>αὐλή</em></span> 
     </span>
     <span class='ocr_line' id='line_1_18' title="bbox 375 2226 1064 2304; baseline -0.003 -20"><span class='ocrx_word' id='word_1_130' title='bbox 375 2231 457 2304; x_wconf 80' lang='grc' dir='ltr'><em>τοίχῳ</em></span> <span class='ocrx_word' id='word_1_131' title='bbox 476 2232 523 2283; x_wconf 83' lang='grc' dir='ltr'><em>καί</em></span> <span class='ocrx_word' id='word_1_132' title='bbox 541 2235 691 2300; x_wconf 76' lang='grc' dir='ltr'><em>θριγκοῖσι,</em></span> <span class='ocrx_word' id='word_1_133' title='bbox 712 2226 799 2303; x_wconf 73' lang='grc' dir='ltr'><em>θύραι</em></span> <span class='ocrx_word' id='word_1_134' title='bbox 817 2229 843 2282; x_wconf 68' lang='grc' dir='ltr'><em>δ“</em></span> <span class='ocrx_word' id='word_1_135' title='bbox 860 2226 981 2302; x_wconf 73' lang='grc' dir='ltr'><em>εὐεργέες</em></span> <span class='ocrx_word' id='word_1_136' title='bbox 999 2233 1064 2284; x_wconf 78' lang='grc' dir='ltr'><em>εἰσίν</em></span> 
     </span>
     <span class='ocr_line' id='line_1_19' title="bbox 377 2317 500 2378; baseline 0.008 -5"><span class='ocrx_word' id='word_1_137' title='bbox 377 2317 500 2378; x_wconf 78' lang='grc' dir='ltr'><em>δικίίδὲε.</em></span> 
     </span>
    </p>

    <p class='ocr_par' dir='ltr' id='par_1_6' title="bbox 141 2438 1375 2635">
     <span class='ocr_line' id='line_1_20' title="bbox 234 2438 1375 2536; baseline -0.002 -29"><span class='ocrx_word' id='word_1_138' title='bbox 234 2447 300 2508; x_wconf 78' lang='grc' dir='ltr'><em>Καὶ</em></span> <span class='ocrx_word' id='word_1_139' title='bbox 322 2447 480 2508; x_wconf 78' lang='grc' dir='ltr'><em>Ναυσικοῖ</em></span> <span class='ocrx_word' id='word_1_140' title='bbox 509 2449 558 2527; x_wconf 79' lang='grc' dir='ltr'><em>τῳῖ</em></span> <span class='ocrx_word' id='word_1_141' title='bbox 588 2441 672 2526; x_wconf 80' lang='grc' dir='ltr'><em>λόγῳ</em></span> <span class='ocrx_word' id='word_1_142' title='bbox 703 2438 915 2536; x_wconf 74' lang='grc' dir='ltr'><em>ὑφηγουμένη</em></span> <span class='ocrx_word' id='word_1_143' title='bbox 946 2440 990 2504; x_wconf 85' lang='grc' dir='ltr'><em>τά</em></span> <span class='ocrx_word' id='word_1_144' title='bbox 1021 2446 1079 2527; x_wconf 81' lang='grc' dir='ltr'><em>τῆς</em></span> <span class='ocrx_word' id='word_1_145' title='bbox 1108 2441 1244 2507; x_wconf 77' lang='grc' dir='ltr'><em>εἰσόδου</em></span> <span class='ocrx_word' id='word_1_146' title='bbox 1269 2446 1375 2528; x_wconf 80' lang='grc' dir='ltr'><em>φησίν</em></span> 
     </span>
     <span class='ocr_line' id='line_1_21' title="bbox 141 2546 327 2635; baseline 0 -21"><span class='ocrx_word' id='word_1_147' title='bbox 141 2546 292 2615; x_wconf 84' lang='grc' dir='ltr'><em>Ὀδυσσεῖ</em></span> <span class='ocrx_word' id='word_1_148' title='bbox 302 2556 327 2635; x_wconf 74' lang='lat'><em>²)</em></span> 
     </span>
    </p>

    <p class='ocr_par' dir='ltr' id='par_1_7' title="bbox 356 2667 1118 2748">
     <span class='ocr_line' id='line_1_22' title="bbox 356 2667 1118 2748; baseline -0.003 -20"><span class='ocrx_word' id='word_1_149' title='bbox 356 2714 408 2728; x_wconf 89' lang='grc'><em>...</em></span> <span class='ocrx_word' id='word_1_150' title='bbox 425 2719 431 2730; x_wconf 92' lang='grc'><em>.</em></span> <span class='ocrx_word' id='word_1_151' title='bbox 446 2667 504 2727; x_wconf 72' lang='grc' dir='ltr'><em>ἄλλ’</em></span> <span class='ocrx_word' id='word_1_152' title='bbox 522 2669 595 2727; x_wconf 78' lang='grc' dir='ltr'><em>ὁπότ’</em></span> <span class='ocrx_word' id='word_1_153' title='bbox 614 2671 651 2725; x_wconf 79' lang='grc' dir='ltr'><em>ἄν</em></span> <span class='ocrx_word' id='word_1_154' title='bbox 669 2679 700 2728; x_wconf 81' lang='grc' dir='ltr'><em>σε’</em></span> <span class='ocrx_word' id='word_1_155' title='bbox 718 2669 798 2748; x_wconf 82' lang='grc' dir='ltr'><em>δόμοι</em></span> <span class='ocrx_word' id='word_1_156' title='bbox 817 2671 957 2729; x_wconf 74' lang='grc' dir='ltr'><em>κεκόδωσι</em></span> <span class='ocrx_word' id='word_1_157' title='bbox 975 2675 1022 2728; x_wconf 83' lang='grc' dir='ltr'><em>καί</em></span> <span class='ocrx_word' id='word_1_158' title='bbox 1041 2669 1118 2739; x_wconf 74' lang='grc' dir='ltr'><em>αόίή,</em></span> 
     </span>
    </p>

    <p class='ocr_par' dir='ltr' id='par_1_8' title="bbox 144 2756 1374 3080">
     <span class='ocr_line' id='line_1_23' title="bbox 356 2756 1092 2842; baseline -0.001 -25"><span class='ocrx_word' id='word_1_159' title='bbox 356 2756 414 2817; x_wconf 77' lang='grc' dir='ltr'><em>ὦκα</em></span> <span class='ocrx_word' id='word_1_160' title='bbox 433 2763 511 2833; x_wconf 76' lang='grc' dir='ltr'><em>μάλα</em></span> <span class='ocrx_word' id='word_1_161' title='bbox 530 2760 665 2833; x_wconf 87' lang='grc' dir='ltr'><em>μεγάροιο</em></span> <span class='ocrx_word' id='word_1_162' title='bbox 685 2762 871 2837; x_wconf 72' lang='grc' dir='ltr'><em>διελθέμεν..</em></span> <span class='ocrx_word' id='word_1_163' title='bbox 888 2805 893 2816; x_wconf 94' lang='grc'><em>.</em></span> <span class='ocrx_word' id='word_1_164' title='bbox 1091 2837 1092 2842; x_wconf 15' lang='grc' dir='ltr'><em>ρ</em></span> 
     </span>
     <span class='ocr_line' id='line_1_24' title="bbox 144 2885 1374 2973; baseline 0.002 -23"><span class='ocrx_word' id='word_1_165' title='bbox 144 2889 233 2951; x_wconf 74' lang='grc' dir='ltr'><em>ἔνθα</em></span> <span class='ocrx_word' id='word_1_166' title='bbox 259 2889 297 2973; x_wconf 77' lang='grc' dir='ltr'><em>δη“</em></span> <span class='ocrx_word' id='word_1_167' title='bbox 322 2887 409 2951; x_wconf 87' lang='grc' dir='ltr'><em>κατά</em></span> <span class='ocrx_word' id='word_1_168' title='bbox 434 2887 473 2951; x_wconf 89' lang='grc' dir='ltr'><em>τὸ</em></span> <span class='ocrx_word' id='word_1_169' title='bbox 496 2885 645 2969; x_wconf 86' lang='grc' dir='ltr'><em>γνωστὸν</em></span> <span class='ocrx_word' id='word_1_170' title='bbox 669 2885 916 2972; x_wconf 78' lang='grc' dir='ltr'><em>πρωθόστερον</em></span> <span class='ocrx_word' id='word_1_171' title='bbox 939 2893 1052 2971; x_wconf 79' lang='grc' dir='ltr'><em>σχῆμα</em></span> <span class='ocrx_word' id='word_1_172' title='bbox 1075 2887 1224 2952; x_wconf 76' lang='grc' dir='ltr'><em>εἰποῦσα</em></span> <span class='ocrx_word' id='word_1_173' title='bbox 1248 2885 1374 2968; x_wconf 90' lang='grc' dir='ltr'><em>δόμους</em></span> 
     </span>
     <span class='ocr_line' id='line_1_25' title="bbox 146 2989 1242 3080; baseline 0.003 -24"><span class='ocrx_word' id='word_1_174' title='bbox 146 2996 203 3057; x_wconf 81' lang='grc' dir='ltr'><em>καὶ</em></span> <span class='ocrx_word' id='word_1_175' title='bbox 228 2989 332 3078; x_wconf 78' lang='grc' dir='ltr'><em>αόλῆν</em></span> <span class='ocrx_word' id='word_1_176' title='bbox 356 2995 517 3079; x_wconf 81' lang='grc' dir='ltr'><em>ἑκατέραν</em></span> <span class='ocrx_word' id='word_1_177' title='bbox 539 2999 597 3078; x_wconf 80' lang='grc' dir='ltr'><em>τῆς</em></span> <span class='ocrx_word' id='word_1_178' title='bbox 620 2997 730 3068; x_wconf 77' lang='grc' dir='ltr'><em>οἲκίας</em></span> <span class='ocrx_word' id='word_1_179' title='bbox 752 3002 880 3080; x_wconf 89' lang='grc' dir='ltr'><em>μοῖραν</em></span> <span class='ocrx_word' id='word_1_180' title='bbox 905 2996 1023 3076; x_wconf 77' lang='grc' dir='ltr'><em>σαφῶς</em></span> <span class='ocrx_word' id='word_1_181' title='bbox 1047 2992 1242 3078; x_wconf 81' lang='grc' dir='ltr'><em>δεδήλωκεν.</em></span> 
     </span>
    </p>

    <p class='ocr_par' dir='ltr' id='par_1_9' title="bbox 143 3095 1426 4252">
     <span class='ocr_line' id='line_1_26' title="bbox 235 3095 1373 3188; baseline -0.002 -22"><span class='ocrx_word' id='word_1_182' title='bbox 235 3095 366 3166; x_wconf 79' lang='grc' dir='ltr'><em>Οόκυυν</em></span> <span class='ocrx_word' id='word_1_183' title='bbox 398 3095 508 3174; x_wconf 76' lang='grc' dir='ltr'><em>άλλως</em></span> <span class='ocrx_word' id='word_1_184' title='bbox 538 3099 598 3185; x_wconf 75' lang='grc' dir='ltr'><em>την</em></span> <span class='ocrx_word' id='word_1_185' title='bbox 628 3106 686 3186; x_wconf 83' lang='grc' dir='ltr'><em>τῆς</em></span> <span class='ocrx_word' id='word_1_186' title='bbox 719 3101 827 3176; x_wconf 82' lang='grc' dir='ltr'><em>οίκίας</em></span> <span class='ocrx_word' id='word_1_187' title='bbox 851 3100 1015 3186; x_wconf 85' lang='grc' dir='ltr'><em>διαίρεσιν</em></span> <span class='ocrx_word' id='word_1_188' title='bbox 1043 3101 1173 3166; x_wconf 75' lang='grc' dir='ltr'><em>ἐννοεῖν</em></span> <span class='ocrx_word' id='word_1_189' title='bbox 1201 3102 1263 3188; x_wconf 78' lang='grc' dir='ltr'><em>χρὴ</em></span> <span class='ocrx_word' id='word_1_190' title='bbox 1296 3097 1373 3165; x_wconf 76' lang='grc' dir='ltr'><em>οὐδ’</em></span> 
     </span>
     <span class='ocr_line' id='line_1_27' title="bbox 145 3201 1373 3296; baseline 0 -25"><span class='ocrx_word' id='word_1_191' title='bbox 145 3205 278 3271; x_wconf 89' lang='grc' dir='ltr'><em>όπόταν</em></span> <span class='ocrx_word' id='word_1_192' title='bbox 298 3201 445 3293; x_wconf 76' lang='grc' dir='ltr'><em>Ὅμηρος</em></span> <span class='ocrx_word' id='word_1_193' title='bbox 475 3211 511 3271; x_wconf 74' lang='grc' dir='ltr'><em>ἓν</em></span> <span class='ocrx_word' id='word_1_194' title='bbox 542 3209 600 3269; x_wconf 79' lang='grc' dir='ltr'><em>καί</em></span> <span class='ocrx_word' id='word_1_195' title='bbox 624 3207 683 3271; x_wconf 91' lang='grc' dir='ltr'><em>δόο</em></span> <span class='ocrx_word' id='word_1_196' title='bbox 715 3211 798 3294; x_wconf 90' lang='grc' dir='ltr'><em>μέρη</em></span> <span class='ocrx_word' id='word_1_197' title='bbox 828 3211 884 3292; x_wconf 80' lang='grc' dir='ltr'><em>τῆς</em></span> <span class='ocrx_word' id='word_1_198' title='bbox 913 3213 1030 3294; x_wconf 79' lang='grc' dir='ltr'><em>ἐτέρας</em></span> <span class='ocrx_word' id='word_1_199' title='bbox 1057 3213 1180 3295; x_wconf 89' lang='grc' dir='ltr'><em>μοίρας</em></span> <span class='ocrx_word' id='word_1_200' title='bbox 1211 3214 1252 3296; x_wconf 79' lang='grc' dir='ltr'><em>τῇ</em></span> <span class='ocrx_word' id='word_1_201' title='bbox 1274 3207 1373 3294; x_wconf 75' lang='grc' dir='ltr'><em>ἑτέρῳ</em></span> 
     </span>
     <span class='ocr_line' id='line_1_28' title="bbox 147 3309 1370 3406; baseline 0.002 -31"><span class='ocrx_word' id='word_1_202' title='bbox 147 3314 347 3391; x_wconf 80' lang='grc' dir='ltr'><em>συμπλέκειν</em></span> <span class='ocrx_word' id='word_1_203' title='bbox 371 3315 451 3406; x_wconf 79' lang='grc' dir='ltr'><em>δοκῇ</em></span> <span class='ocrx_word' id='word_1_204' title='bbox 474 3313 592 3379; x_wconf 91' lang='grc' dir='ltr'><em>τοιάδε</em></span> <span class='ocrx_word' id='word_1_205' title='bbox 610 3313 763 3396; x_wconf 80' lang='grc' dir='ltr'><em>φάσκων,</em></span> <span class='ocrx_word' id='word_1_206' title='bbox 790 3317 963 3397; x_wconf 88' lang='grc' dir='ltr'><em>(τέκτονας</em></span> <span class='ocrx_word' id='word_1_207' title='bbox 980 3310 1120 3400; x_wconf 76' lang='grc' dir='ltr'><em>ἄνδρας)</em></span> <span class='ocrx_word' id='word_1_208' title='bbox 1149 3309 1370 3400; x_wconf 72' lang='grc' dir='ltr'><em>,Ἀλεξάνδρῳ</em></span> 
     </span>
     <span class='ocr_line' id='line_1_29' title="bbox 144 3416 1373 3508; baseline 0.004 -28"><span class='ocrx_word' id='word_1_209' title='bbox 144 3425 289 3501; x_wconf 81' lang='grc' dir='ltr'><em>ποιῆσαι</em></span> <span class='ocrx_word' id='word_1_210' title='bbox 304 3419 467 3499; x_wconf 78' lang='grc' dir='ltr'><em>θάλαμον</em></span> <span class='ocrx_word' id='word_1_211' title='bbox 489 3425 546 3484; x_wconf 78' lang='grc' dir='ltr'><em>καὶ</em></span> <span class='ocrx_word' id='word_1_212' title='bbox 570 3421 666 3502; x_wconf 85' lang='grc' dir='ltr'><em>όιόμα</em></span> <span class='ocrx_word' id='word_1_213' title='bbox 691 3425 747 3484; x_wconf 80' lang='grc' dir='ltr'><em>καὶ</em></span> <span class='ocrx_word' id='word_1_214' title='bbox 772 3417 948 3508; x_wconf 72' lang='grc' dir='ltr'><em>αὕλήν“3),</em></span> <span class='ocrx_word' id='word_1_215' title='bbox 973 3425 1029 3486; x_wconf 79' lang='grc' dir='ltr'><em>καὶ</em></span> <span class='ocrx_word' id='word_1_216' title='bbox 1045 3421 1151 3486; x_wconf 77' lang='grc' dir='ltr'><em>πάλιν</em></span> <span class='ocrx_word' id='word_1_217' title='bbox 1177 3416 1373 3506; x_wconf 80' lang='grc' dir='ltr'><em>(Ὀδυσσέα)</em></span> 
     </span>
     <span class='ocr_line' id='line_1_30' title="bbox 144 3523 1372 3616; baseline 0.004 -28"><span class='ocrx_word' id='word_1_218' title='bbox 144 3529 315 3606; x_wconf 73' lang='grc' dir='ltr'><em>,θειῶσαι</em></span> <span class='ocrx_word' id='word_1_219' title='bbox 344 3530 488 3613; x_wconf 86' lang='grc' dir='ltr'><em>μέγαρον</em></span> <span class='ocrx_word' id='word_1_220' title='bbox 520 3532 577 3591; x_wconf 79' lang='grc' dir='ltr'><em>καί</em></span> <span class='ocrx_word' id='word_1_221' title='bbox 616 3529 712 3607; x_wconf 74' lang='grc' dir='ltr'><em>δεῖμα</em></span> <span class='ocrx_word' id='word_1_222' title='bbox 744 3531 800 3592; x_wconf 80' lang='grc' dir='ltr'><em>καὶ</em></span> <span class='ocrx_word' id='word_1_223' title='bbox 834 3525 1004 3614; x_wconf 67' lang='grc' dir='ltr'><em>αόλην“.ί)</em></span> <span class='ocrx_word' id='word_1_224' title='bbox 1057 3523 1108 3593; x_wconf 74' lang='grc' dir='ltr'><em>Ἐν</em></span> <span class='ocrx_word' id='word_1_225' title='bbox 1138 3533 1200 3608; x_wconf 88' lang='grc' dir='ltr'><em>μέν</em></span> <span class='ocrx_word' id='word_1_226' title='bbox 1230 3528 1291 3616; x_wconf 81' lang='grc' dir='ltr'><em>γάρ</em></span> <span class='ocrx_word' id='word_1_227' title='bbox 1322 3535 1372 3613; x_wconf 76' lang='grc' dir='ltr'><em>τῷ</em></span> 
     </span>
     <span class='ocr_line' id='line_1_31' title="bbox 143 3630 1426 3721; baseline 0.003 -25"><span class='ocrx_word' id='word_1_228' title='bbox 143 3630 267 3716; x_wconf 77' lang='grc' dir='ltr'><em>πρώτῳ</em></span> <span class='ocrx_word' id='word_1_229' title='bbox 299 3635 366 3695; x_wconf 78' lang='grc' dir='ltr'><em>τῶν</em></span> <span class='ocrx_word' id='word_1_230' title='bbox 396 3639 525 3721; x_wconf 84' lang='grc' dir='ltr'><em>χωρίων</em></span> <span class='ocrx_word' id='word_1_231' title='bbox 554 3633 717 3715; x_wconf 74' lang='grc' dir='ltr'><em>θάλαμός</em></span> <span class='ocrx_word' id='word_1_232' title='bbox 748 3641 840 3699; x_wconf 88' lang='grc' dir='ltr'><em>έστιν</em></span> <span class='ocrx_word' id='word_1_233' title='bbox 870 3631 891 3718; x_wconf 70' lang='grc' dir='ltr'><em>η’</em></span> <span class='ocrx_word' id='word_1_234' title='bbox 921 3644 1170 3718; x_wconf 85' lang='grc' dir='ltr'><em>γυναικωνῖτις,</em></span> <span class='ocrx_word' id='word_1_235' title='bbox 1207 3637 1304 3714; x_wconf 80' lang='grc' dir='ltr'><em>δῶμα</em></span> <span class='ocrx_word' id='word_1_236' title='bbox 1336 3637 1372 3700; x_wconf 86' lang='grc' dir='ltr'><em>δὲ</em></span> <span class='ocrx_word' id='word_1_237' title='bbox 1422 3652 1426 3659; x_wconf 89' lang='grc'><strong><em>·</em></strong></span> 
     </span>
     <span class='ocr_line' id='line_1_32' title="bbox 143 3729 1370 3828; baseline 0.003 -27"><span class='ocrx_word' id='word_1_238' title='bbox 143 3729 251 3802; x_wconf 81' lang='grc' dir='ltr'><em>τάλλα</em></span> <span class='ocrx_word' id='word_1_239' title='bbox 267 3741 331 3802; x_wconf 82' lang='grc' dir='ltr'><em>τοῦ</em></span> <span class='ocrx_word' id='word_1_240' title='bbox 348 3738 440 3804; x_wconf 74' lang='grc' dir='ltr'><em>οἰκον</em></span> <span class='ocrx_word' id='word_1_241' title='bbox 457 3740 637 3827; x_wconf 84' lang='grc' dir='ltr'><em>οἰκήματα,</em></span> <span class='ocrx_word' id='word_1_242' title='bbox 660 3739 681 3827; x_wconf 76' lang='grc' dir='ltr'><em>η’</em></span> <span class='ocrx_word' id='word_1_243' title='bbox 696 3766 731 3805; x_wconf 88' lang='grc' dir='ltr'><em>τε</em></span> <span class='ocrx_word' id='word_1_244' title='bbox 750 3737 947 3828; x_wconf 83' lang='grc' dir='ltr'><em>άνδρωνῖτις</em></span> <span class='ocrx_word' id='word_1_245' title='bbox 963 3745 1015 3807; x_wconf 84' lang='grc' dir='ltr'><em>καί</em></span> <span class='ocrx_word' id='word_1_246' title='bbox 1033 3743 1064 3807; x_wconf 73' lang='lat' dir='ltr'><em>ol</em></span> <span class='ocrx_word' id='word_1_247' title='bbox 1081 3739 1180 3807; x_wconf 73' lang='grc' dir='ltr'><em>ἄλλοι</em></span> <span class='ocrx_word' id='word_1_248' title='bbox 1195 3741 1370 3821; x_wconf 77' lang='grc' dir='ltr'><em>θάλαμοι·</em></span> 
     </span>
     <span class='ocr_line' id='line_1_33' title="bbox 143 3844 1371 3935; baseline 0.004 -27"><span class='ocrx_word' id='word_1_249' title='bbox 143 3849 250 3908; x_wconf 82' lang='grc' dir='ltr'><em>ταῦτα</em></span> <span class='ocrx_word' id='word_1_250' title='bbox 275 3847 312 3907; x_wconf 80' lang='grc' dir='ltr'><em>δέ</em></span> <span class='ocrx_word' id='word_1_251' title='bbox 336 3844 449 3909; x_wconf 86' lang='grc' dir='ltr'><em>πάντα</em></span> <span class='ocrx_word' id='word_1_252' title='bbox 480 3848 540 3933; x_wconf 76' lang='grc' dir='ltr'><em>τὴν</em></span> <span class='ocrx_word' id='word_1_253' title='bbox 569 3855 686 3935; x_wconf 83' lang='grc' dir='ltr'><em>ἑτέραν</em></span> <span class='ocrx_word' id='word_1_254' title='bbox 715 3857 840 3934; x_wconf 91' lang='grc' dir='ltr'><em>μοῖραν</em></span> <span class='ocrx_word' id='word_1_255' title='bbox 871 3855 928 3934; x_wconf 81' lang='grc' dir='ltr'><em>τῆς</em></span> <span class='ocrx_word' id='word_1_256' title='bbox 959 3845 1036 3934; x_wconf 82' lang='grc' dir='ltr'><em>όίης</em></span> <span class='ocrx_word' id='word_1_257' title='bbox 1060 3851 1169 3923; x_wconf 72' lang='grc' dir='ltr'><em>οἰκίας</em></span> <span class='ocrx_word' id='word_1_258' title='bbox 1201 3845 1371 3929; x_wconf 79' lang='grc' dir='ltr'><em>άπυτελεῖ,</em></span> 
     </span>
     <span class='ocr_line' id='line_1_34' title="bbox 145 3947 1373 4043; baseline 0.004 -29"><span class='ocrx_word' id='word_1_259' title='bbox 145 3955 201 4035; x_wconf 82' lang='grc' dir='ltr'><em>τῆς</em></span> <span class='ocrx_word' id='word_1_260' title='bbox 225 3947 329 4037; x_wconf 80' lang='grc' dir='ltr'><em>αόλῆς</em></span> <span class='ocrx_word' id='word_1_261' title='bbox 352 3957 414 4037; x_wconf 84' lang='grc' dir='ltr'><em>την</em></span> <span class='ocrx_word' id='word_1_262' title='bbox 437 3954 554 4042; x_wconf 86' lang='grc' dir='ltr'><em>ἑτέραν</em></span> <span class='ocrx_word' id='word_1_263' title='bbox 576 3955 757 4040; x_wconf 87' lang='grc' dir='ltr'><em>ποιοόσης·</em></span> <span class='ocrx_word' id='word_1_264' title='bbox 786 3962 823 4019; x_wconf 83' lang='grc' dir='ltr'><em>έν</em></span> <span class='ocrx_word' id='word_1_265' title='bbox 846 3957 880 4020; x_wconf 79' lang='grc' dir='ltr'><em>δέ</em></span> <span class='ocrx_word' id='word_1_266' title='bbox 903 3961 951 4040; x_wconf 78' lang='grc' dir='ltr'><em>τῷ</em></span> <span class='ocrx_word' id='word_1_267' title='bbox 976 3959 1118 4043; x_wconf 80' lang='grc' dir='ltr'><em>δευτέρῳ</em></span> <span class='ocrx_word' id='word_1_268' title='bbox 1141 3960 1287 4042; x_wconf 82' lang='grc' dir='ltr'><em>μέγαρον</em></span> <span class='ocrx_word' id='word_1_269' title='bbox 1309 3960 1373 4035; x_wconf 84' lang='grc' dir='ltr'><em>μέν</em></span> 
     </span>
     <span class='ocr_line' id='line_1_35' title="bbox 146 4054 1371 4148; baseline 0.005 -28"><span class='ocrx_word' id='word_1_270' title='bbox 146 4061 236 4121; x_wconf 80' lang='grc' dir='ltr'><em>ἐστιν</em></span> <span class='ocrx_word' id='word_1_271' title='bbox 258 4056 278 4144; x_wconf 80' lang='grc' dir='ltr'><em>ἡ</em></span> <span class='ocrx_word' id='word_1_272' title='bbox 303 4054 501 4144; x_wconf 84' lang='grc' dir='ltr'><em>άνδρωνῖτις</em></span> <span class='ocrx_word' id='word_1_273' title='bbox 524 4065 581 4126; x_wconf 79' lang='grc' dir='ltr'><em>καί</em></span> <span class='ocrx_word' id='word_1_274' title='bbox 613 4059 673 4144; x_wconf 85' lang='grc' dir='ltr'><em>οόχ</em></span> <span class='ocrx_word' id='word_1_275' title='bbox 705 4056 821 4148; x_wconf 70' lang='grc' dir='ltr'><em>ὥσπερ</em></span> <span class='ocrx_word' id='word_1_276' title='bbox 843 4058 1045 4138; x_wconf 74' lang='grc' dir='ltr'><em>Εόστάθιος</em></span> <span class='ocrx_word' id='word_1_277' title='bbox 1075 4065 1132 4126; x_wconf 85' lang='grc' dir='ltr'><em>καί</em></span> <span class='ocrx_word' id='word_1_278' title='bbox 1164 4059 1261 4128; x_wconf 74' lang='grc' dir='ltr'><em>ἄλλοι</em></span> <span class='ocrx_word' id='word_1_279' title='bbox 1282 4067 1371 4139; x_wconf 85' lang='grc' dir='ltr'><em>τινές</em></span> 
     </span>
     <span class='ocr_line' id='line_1_36' title="bbox 144 4163 1372 4252; baseline 0.008 -25"><span class='ocrx_word' id='word_1_280' title='bbox 144 4163 335 4248; x_wconf 76' lang='grc' dir='ltr'><em>βούλονται,</em></span> <span class='ocrx_word' id='word_1_281' title='bbox 366 4164 686 4252; x_wconf 67' lang='grc' dir='ltr'><em>ἡγυναικωνῖτιςθ),</em></span> <span class='ocrx_word' id='word_1_282' title='bbox 719 4170 815 4249; x_wconf 79' lang='grc' dir='ltr'><em>δεῖμα</em></span> <span class='ocrx_word' id='word_1_283' title='bbox 848 4166 880 4235; x_wconf 77' lang='grc' dir='ltr'><em>δ’</em></span> <span class='ocrx_word' id='word_1_284' title='bbox 912 4165 958 4236; x_wconf 79' lang='grc' dir='ltr'><em>αδ</em></span> <span class='ocrx_word' id='word_1_285' title='bbox 990 4170 1023 4234; x_wconf 82' lang='grc' dir='ltr'><em>οἱ</em></span> <span class='ocrx_word' id='word_1_286' title='bbox 1053 4164 1151 4234; x_wconf 72' lang='grc' dir='ltr'><em>ἄλλοι</em></span> <span class='ocrx_word' id='word_1_287' title='bbox 1181 4173 1243 4235; x_wconf 82' lang='grc' dir='ltr'><em>τοῦ</em></span> <span class='ocrx_word' id='word_1_288' title='bbox 1274 4172 1372 4237; x_wconf 75' lang='grc' dir='ltr'><em>οῖ’κου</em></span> 
     </span>
    </p>
   </div>
   <div class='ocr_carea' id='block_1_5' title="bbox 143 4292 354 4303">
    <p class='ocr_par' dir='ltr' id='par_1_10' title="bbox 143 4292 354 4303">
     <span class='ocr_line' id='line_1_37' title="bbox 143 4292 354 4303; baseline 0.005 -1"><span class='ocrx_word' id='word_1_289' title='bbox 143 4292 354 4303; x_wconf 50' lang='grc'><em>’,-</em></span> 
     </span>
    </p>
   </div>
   <div class='ocr_carea' id='block_1_6' title="bbox 142 4338 1369 4507">
    <p class='ocr_par' dir='ltr' id='par_1_11' title="bbox 142 4338 1369 4507">
     <span class='ocr_line' id='line_1_38' title="bbox 235 4338 1369 4422; baseline 0.012 -26"><span class='ocrx_word' id='word_1_290' title='bbox 235 4344 261 4411; x_wconf 83' lang='grc'><em>1)</em></span> <span class='ocrx_word' id='word_1_291' title='bbox 279 4338 330 4400; x_wconf 78' lang='grc' dir='ltr'><em>Ὀδ.</em></span> <span class='ocrx_word' id='word_1_292' title='bbox 350 4350 379 4402; x_wconf 87' lang='grc' dir='ltr'><em>Ρ.</em></span> <span class='ocrx_word' id='word_1_293' title='bbox 401 4349 516 4400; x_wconf 70' lang='grc'><strong>264-8.</strong></span> <span class='ocrx_word' id='word_1_294' title='bbox 592 4347 621 4419; x_wconf 68' lang='lat'><em>2)</em></span> <span class='ocrx_word' id='word_1_295' title='bbox 641 4355 673 4399; x_wconf 86' lang='lat' dir='ltr'><em>Z.</em></span> <span class='ocrx_word' id='word_1_296' title='bbox 695 4353 755 4402; x_wconf 84' lang='lat'>303.</span> <span class='ocrx_word' id='word_1_297' title='bbox 830 4347 859 4421; x_wconf 80' lang='grc'><em>3)</em></span> <span class='ocrx_word' id='word_1_298' title='bbox 875 4345 919 4404; x_wconf 77' lang='grc' dir='ltr'><em>Ἷλ.</em></span> <span class='ocrx_word' id='word_1_299' title='bbox 941 4354 972 4401; x_wconf 89' lang='grc' dir='ltr'><em>Ζ.</em></span> <span class='ocrx_word' id='word_1_300' title='bbox 994 4354 1056 4404; x_wconf 83' lang='grc'><strong>316.</strong></span> <span class='ocrx_word' id='word_1_301' title='bbox 1130 4348 1159 4422; x_wconf 84' lang='grc'><em>4)</em></span> <span class='ocrx_word' id='word_1_302' title='bbox 1180 4349 1224 4404; x_wconf 64' lang='lat' dir='ltr'><em>W.</em></span> <span class='ocrx_word' id='word_1_303' title='bbox 1245 4355 1283 4405; x_wconf 88' lang='lat' dir='ltr'><em>X.</em></span> <span class='ocrx_word' id='word_1_304' title='bbox 1304 4357 1369 4411; x_wconf 69' lang='lat'><em>494.</em></span> 
     </span>
     <span class='ocr_line' id='line_1_39' title="bbox 142 4427 1318 4507; baseline 0.005 -19"><span class='ocrx_word' id='word_1_305' title='bbox 142 4432 173 4506; x_wconf 83' lang='grc' dir='ltr'><em>ὅ)</em></span> <span class='ocrx_word' id='word_1_306' title='bbox 193 4427 318 4488; x_wconf 74' lang='grc' dir='ltr'><em>Εὗστόθ.</em></span> <span class='ocrx_word' id='word_1_307' title='bbox 338 4436 368 4487; x_wconf 84' lang='grc' dir='ltr'><em>έν</em></span> <span class='ocrx_word' id='word_1_308' title='bbox 382 4431 434 4488; x_wconf 87' lang='grc' dir='ltr'><em>Ὀδ.</em></span> <span class='ocrx_word' id='word_1_309' title='bbox 456 4441 493 4489; x_wconf 89' lang='grc' dir='ltr'><em>Χ.</em></span> <span class='ocrx_word' id='word_1_310' title='bbox 515 4436 571 4494; x_wconf 81' lang='grc' dir='ltr'><em>σεί.</em></span> <span class='ocrx_word' id='word_1_311' title='bbox 594 4441 671 4503; x_wconf 78' lang='lat'>1935,</span> <span class='ocrx_word' id='word_1_312' title='bbox 694 4443 738 4492; x_wconf 77' lang='lat'><em>26.</em></span> <span class='ocrx_word' id='word_1_313' title='bbox 776 4441 886 4507; x_wconf 79' lang='lat' dir='ltr'><strong>Rumpf,</strong></span> <span class='ocrx_word' id='word_1_314' title='bbox 905 4441 938 4493; x_wconf 83' lang='lat' dir='ltr'><em>de</em></span> <span class='ocrx_word' id='word_1_315' title='bbox 957 4442 1017 4494; x_wconf 77' lang='lat' dir='ltr'><strong>aed.</strong></span> <span class='ocrx_word' id='word_1_316' title='bbox 1038 4441 1149 4493; x_wconf 81' lang='lat' dir='ltr'>Homer.</span> <span class='ocrx_word' id='word_1_317' title='bbox 1172 4446 1196 4505; x_wconf 92' lang='lat'><em>1,</em></span> <span class='ocrx_word' id='word_1_318' title='bbox 1218 4441 1272 4494; x_wconf 82' lang='grc' dir='ltr'><em>σεί.</em></span> <span class='ocrx_word' id='word_1_319' title='bbox 1292 4447 1318 4496; x_wconf 82' lang='lat'><em>8.</em></span> 
     </span>
    </p>
   </div>
   <div class='ocr_carea' id='block_1_7' title="bbox 0 0 1562 4810">
    <p class='ocr_par' dir='ltr' id='par_1_12' title="bbox 0 0 1562 4810">
     <span class='ocr_line' id='line_1_40' title="bbox 0 0 1562 4810; baseline 0 1"><span class='ocrx_word' id='word_1_320' title='bbox 0 0 1562 4810; x_wconf 95' lang='lat' dir='ltr'><em> </em></span> 
     </span>
    </p>
   </div>
  </div>
 </body>
</html>
