3114 4810
690 248 732 312 45

26 463 27 472 υ
100 429 243 496 εἰσιόντι
274 422 398 505 λέγοιτ’
429 420 482 488 ἄν.
527 419 575 488 Ἐκ
607 424 674 486 τῶν
706 422 887 506 εἰρημένων
918 417 978 506 ήδη
1018 415 1164 506 ἀκριβῶς
1201 445 1252 495 τις
1283 445 1324 484 αν

99 542 170 620 ίχοι
194 536 316 613 εἰπεῖν,
342 531 431 596 διότι
444 527 590 615 Ὅμηρος
611 528 673 593 τόν
703 529 819 614 ἕτερον
849 533 916 590 τῶν
938 529 972 592 έν
1003 531 1051 610 τῷ
1072 533 1164 610 μέσῳ
1188 529 1324 608 ἰσταμέ·

100 669 166 708 νων
200 640 341 720 κιόνων,
373 627 414 702 οὗ
438 642 559 720 σαφῶς
588 637 624 699 έν
655 637 695 724 τή
723 629 866 698 Ἀλκίνου
899 629 1112 717 ἀνδρωνίτιδι
1148 639 1326 717 μέμνηται,

102 756 214 832 μέσσην
241 744 455 826 δαιτυμόνων
479 740 585 808 αδτδν
615 743 781 827 ἱδρῦσθαι
811 741 929 825 εἴρηκε.
977 748 1052 806 Τῶν
1075 741 1136 824 χάρ
1163 741 1326 806 Φαιάκων

104 854 168 921 ὑπὸ
200 857 242 946 τῇ
274 854 370 933 δεξιᾷ
400 847 420 936 ἢ
454 849 617 936 ἀριστερᾷ
649 857 785 931 πτέρυγι
820 854 1046 929 ἑστιωμένων,
1086 844 1131 922 ῶς
1163 845 1203 913 υό
1233 849 1325 913 πόνν

109 963 238 1028 πολλῶν
271 958 396 1038 όντων,
429 954 489 1022 οάκ
521 953 565 1020 ἀν
597 953 723 1019 ἀλλοθι
755 951 774 1017 ό
804 959 884 1017 κίων
914 953 1090 1038 ίδρυμένος
1120 955 1171 1041 εἰη
1195 950 1214 1040 ή
1238 955 1324 1019 κατά

103 1077 204 1149 μέσον
227 1067 267 1131 τὸ
291 1068 397 1150 μήκος
419 1069 488 1127 τῶν
511 1061 688 1145 τραπεζῶν
718 1059 816 1142 παρὰ
847 1060 906 1145 τήν
936 1067 1055 1145 ἑτέραν
1083 1063 1151 1124 τῶν
1173 1061 1328 1144 πλευρῶν

107 1173 236 1256 αὐτῶν,
266 1176 324 1256 τής
354 1173 467 1257 έτέρας
499 1169 596 1252 παρὰ
627 1167 689 1232 τόν
716 1166 860 1247 πλάχιον
888 1175 1006 1248 τοῖχον
1028 1175 1326 1253 παρατεινομένης.

104 1277 155 1345 Ἐν
178 1285 213 1346 δέ
241 1283 280 1370 τή
301 1275 483 1352 Ὀδυσσέως
515 1274 731 1360 ἀνδρωνίτιδι
763 1277 830 1336 τῶν
861 1275 1058 1360 μνηστήρων
1089 1275 1125 1340 έν
1155 1278 1204 1358 τηῖ
1234 1279 1325 1357 μέσην
1361 1315 1364 1320 ·

109 1384 341 1470 ου’ωχουμένων
371 1383 460 1459 εἰκός
490 1383 650 1466 έκάτερον
679 1385 746 1444 τῶν
777 1379 925 1462 συζιίχων
955 1380 1085 1446 τούτων
1114 1382 1235 1446 κιόνων
1267 1382 1328 1446 τὸν

111 1491 210 1559 αότόν
240 1493 373 1578 τρόπον
403 1493 506 1554 ’ένθευ
536 1492 591 1552 καί
623 1491 723 1551 ένθεν
754 1493 821 1550 τῶν
852 1486 1029 1572 τραπεζῶν
1058 1489 1239 1574 ἱδρῦσθαι,
1270 1492 1328 1552 καί

110 1601 166 1664 τὸν
184 1601 329 1685 Φήμιον,
354 1593 468 1680 ῶσπερ
486 1596 546 1660 τὸν
562 1593 772 1679 Δημόδοκον,
797 1593 883 1677 πρὸς
898 1593 959 1658 τόν
981 1595 1098 1681 ἕτερον
1114 1594 1327 1682 ἐρειδόμενον

112 1715 220 1789 μέσσῳ
245 1705 455 1784 δαιτυμόνων
482 1706 538 1766 καί
563 1697 671 1764 αότύν
694 1694 793 1763 εἰναι.
841 1703 907 1764 Καὶ
920 1696 1041 1786 Ἵρτιος
1065 1702 1101 1765 δέ
1125 1708 1160 1786 έν
1182 1704 1223 1790 τῇ
1239 1703 1327 1766 ἱστο-

111 1817 166 1894 ρίᾳ
197 1817 251 1896 τῆς
281 1807 552 1896 ἀρχιτεκτονικῆς
584 1825 667 1892 φησι
704 1805 762 1891 τήν
794 1803 993 1892 ἀνδρωνῖτιν
1023 1809 1166 1893 ἐπιμήκη
1196 1813 1257 1887 μέν
1288 1808 1327 1872 τὸ

110 1924 217 2004 σχήμοι
239 1915 338 2000 εἰναι,
363 1919 456 1982 δυοῖν
480 1918 514 1981 δέ
541 1915 663 1978 κιόνων
687 1918 848 1994 στοίχοιυ,
874 1915 910 1977 οί
929 1914 990 1988 τάς
1012 1916 1186 1990 ἐλατίνους
1209 1915 1329 1990 δοκοδς

106 2033 162 2110 τής
193 2022 319 2112 όροφής
351 2021 502 2106 ἀνεῖχον,
541 2027 588 2096 εἰς
616 2026 693 2106 τρία
717 2025 798 2106 μέρη
831 2015 935 2104 αότήν
966 2023 1193 2107 διαιρεῖσθαι,
1218 2012 1265 2086 ῶν
1288 2021 1327 2086 τό

107 2139 211 2216 μέσον
250 2131 367 2211 μεῖζον
405 2134 472 2192 τῶν
511 2125 620 2192 ἀλλων
654 2119 712 2212 ήν,
752 2125 796 2202 ῶς
826 2129 861 2190 έν
893 2125 987 2208 αὐτῷ
1024 2131 1090 2190 τῶν
1129 2135 1329 2208 συμποσίων

108 2235 456 2312 κατασκευαζομένων.
505 2240 582 2308 Τοῖς
598 2235 632 2297 δέ
651 2233 804 2314 πλαγίοις
820 2239 946 2316 τοίχοις
961 2229 1136 2318 ήμικίουας
1159 2257 1327 2320 παρεστη-

115 2349 210 2406 κέναι
233 2341 407 2422 βοόλεται,
440 2333 489 2415 οἷς
512 2338 555 2403 τοί
576 2344 643 2404 τῶν
667 2343 775 2404 δοκῶν
799 2335 885 2426 ἀκρα
917 2341 1169 2428 προσηρείδετο.
1217 2343 1328 2405 Τοῦτο

115 2448 154 2532 δή
187 2443 228 2510 οά
255 2447 361 2525 μόνον
387 2443 487 2532 Ἱρτίῳ
525 2451 580 2511 καί
619 2453 760 2523 ἐκείνοις
795 2457 864 2512 τῶν
895 2453 1081 2534 νεωτέρων,
1121 2444 1196 2512 ὅσοι
1236 2443 1329 2532 αὐτῷ

109 2551 357 2642 ήκολοόθησαν,
380 2549 467 2616 ἀλλά
490 2559 546 2617 καί
570 2559 673 2628 ἐνίοις
696 2580 764 2618 των
788 2557 947 2620 παλαιῶν
964 2551 1020 2619 οὐκ
1039 2552 1154 2643 ὀρθῶς
1170 2555 1283 2629 ’έδοξεν
1293 2562 1328 2638 ¹).

106 2660 254 2735 Εἰκότως
275 2661 336 2746 χάρ
370 2656 412 2722 ἄν
442 2685 492 2736 τις
524 2655 745 2746 ἀπιστήσειεν
776 2658 941 2744 ἀναχνοός
973 2661 1025 2726 ὅτι
1058 2662 1099 2726 τὰ
1131 2667 1198 2726 τῶν
1222 2665 1328 2726 δοκῶν

107 2763 191 2854 ἀκρα
232 2762 293 2830 οόκ
331 2768 389 2831 ἐπὶ
419 2769 488 2832 τῶν
519 2772 641 2848 τοίχων
680 2769 888 2854 ἐστηρίζετο,
928 2766 1005 2833 ἀλλ’
1037 2766 1080 2844 ῶς
1110 2771 1329 2858 ψευδοκίονες

109 2873 413 2961 παρῳκοδόμηυτο,
450 2873 509 2937 έυοι
542 2871 630 2938 αὐτὰ
654 2872 940 2957 δποβαστάζοιεν.
975 2872 1047 2940 Ἔτι
1072 2877 1107 2939 δὲ
1139 2883 1195 2960 τῆς
1218 2882 1329 2962 τέχνης

108 2981 201 3069 αότής
225 2977 311 3046 κατ’
336 2983 480 3054 ἐκείνους
507 2979 587 3056 τούς
610 2983 753 3066 χρόνους
776 2988 948 3064 γίγνεσθαι
982 2979 1167 3068 ἀρξαμένης
1191 2989 1247 3048 καὶ
1271 2983 1326 3046 διά

102 3095 198 3156 τοιῖτο
241 3085 390 3161 ἀτελοῦς
430 3082 528 3172 οίίσης
568 3083 747 3154 ἀπίθανον
778 3086 841 3153 εἰτ’
874 3082 935 3154 οὖν
972 3089 1059 3176 πρὸς
1097 3091 1226 3170 κόσμον
1260 3091 1327 3154 εἴτε

108 3203 296 3279 φαντασίας
321 3199 378 3258 καί
402 3189 592 3276 εὐρυθμίας
616 3195 714 3260 ἕνεκα
746 3201 891 3260 τοιαῦτα
917 3192 1194 3282 ἀπηκριβῶσθαι.
1240 3204 1327 3262 Βου-

108 3303 241 3383 λόμενος
267 3305 305 3367 δέ
333 3305 392 3364 νῦν
414 3305 463 3382 τηῖ
486 3306 563 3384 περί
588 3302 797 3386 ἐρεισμάτωυ
821 3305 878 3388 τῆς
901 3301 1029 3389 ὀροφῆς
1053 3303 1138 3388 λόγῳ
1163 3307 1329 3368 τοσοιίτον

102 3417 198 3498 μήκος
223 3408 375 3492 λαβόντι
398 3408 492 3481 τέλος
515 3408 690 3474 ἐπιθεῖναί
721 3433 807 3495 φημι
839 3410 917 3483 τοὺς
947 3409 984 3482 ἕξ
1007 3414 1064 3490 τῆς
1093 3407 1329 3495 ἀνδρωνίτιδος

99 3530 212 3596 κίονας
253 3515 318 3582 δόο
361 3509 490 3596 όρθοδς
534 3521 692 3598 στοίχους
734 3517 821 3580 κατὰ
864 3522 967 3601 μήκος
1010 3521 1197 3594 ποιοῦντας
1240 3528 1328 3601 τρεῖς

97 3628 275 3708 μεσόδμας
300 3619 392 3684 κατὰ
416 3617 454 3684 τὸ
478 3620 606 3694 πλάτος
631 3626 688 3706 τής
712 3617 840 3706 όροφής
863 3630 1016 3703 κειμένας
1037 3620 1181 3707 ἀνέχειν,
1205 3623 1326 3688 σόυδυο

98 3736 255 3818 έκάστην.

563 3870 649 3944 Χτόρα
669 3871 714 3926 τοῦ
734 3873 873 3944 κρατῆρος.

158 3998 236 4068 ΙΊῖκ
270 3998 310 4060 δέ
342 3993 465 4076 τήςέν
496 3998 535 4084 τή
571 3989 787 4080 ἀνδρωνίτιδι
824 4003 889 4062 τῶν
928 3995 1103 4081 τραπεζῶν
1141 3998 1328 4072 διαθέσεως

98 4110 249 4193 πόρεστι
289 4102 353 4166 νῦν
392 4103 448 4162 καί
486 4100 545 4184 τήν
576 4106 637 4164 τοῦ
676 4108 840 4188 κρατῆρος
878 4102 990 4186 χῶραν
1029 4102 1150 4186 ῥᾳδίως
1186 4107 1327 4180 μαθεῖν.

191 4306 219 4371 1)
239 4303 314 4363 Birt,
336 4294 436 4348 Gesch.
463 4298 489 4349 d.
516 4299 661 4350 Baukunst
687 4304 710 4362 l,
736 4298 791 4353 σελ.
817 4302 879 4359 213,
905 4301 920 4361 ξ
941 4301 983 4352 11.
1012 4300 1182 4365 Friedreieh,
1213 4303 1328 4354 Realien

100 4398 156 4453 σελ.
178 4395 242 4446 θθό.
275 4389 394 4448 Kranae,
412 4387 596 4440 Deinokrates
614 4388 669 4441 σεί.
691 4391 753 4440 496.
788 4387 878 4440 Schol.
900 4388 994 4440 Ambr.
1016 4388 1323 4442 σελ.506ει1.Βαέίω.
