3114 4810
748 239 788 303 73

157 420 332 480 349-371
358 419 426 478 τεόν
449 413 584 480 Studien
615 436 673 480 zur
694 437 744 502 gr.
767 435 800 478 n.
829 411 886 478 lat.
910 411 1128 497 Grammatik,
1159 418 1225 476 τεόν
1257 411 1383 476 ἐκδιδο-

156 527 267 599 μέυων
296 515 363 584 ὑπό
401 526 463 586 τοῦ
492 522 685 605 καθηγητοῦ
715 526 878 606 Γεωργίου
912 525 1088 606 Κουρτίου.
1145 514 1196 584 Ἐν
1227 524 1267 610 τῇ
1298 514 1383 610 αὐτῇ

157 631 374 710 πραγματείᾳ
403 627 686 715 περιελιήφθησαν
716 631 772 691 καί
795 631 912 691 πάντα
943 626 987 690 τὰ
1011 622 1135 712 α’ργαία
1161 625 1280 707 σχόλια
1304 628 1383 712 περί

155 727 345 815 α’νοπαίων,
369 735 438 800 σελ.
464 741 651 801 349-352.
1068 725 1071 732 ’

245 845 300 924 Ση
307 862 343 921 μ.
375 863 401 904 ε.
421 835 590 927 Ὑπερόιοι
622 839 832 922 σιγαλόεντα.
882 837 916 904 ‘0
946 845 1007 921 μὲν
1029 836 1227 914 Εἰστόθιος
1257 839 1293 902 ἐν
1317 833 1382 903 Ὀδ.

156 951 208 1027 Π,
247 945 315 1011 σελ.
350 953 453 1029 1808,
493 954 534 1012 28
565 951 645 1032 περί
674 949 737 1011 τοῦ
766 946 932 1011 ἐπιθέτου
971 945 1137 1028 σιγαλόεις
1176 948 1260 1032 φησί
1290 943 1382 1008 τάδε.

155 1049 342 1140 ,,Ὺπερόια
381 1053 581 1134 σιγαλόεντα
621 1050 659 1118 οδ
695 1059 738 1117 τό
779 1055 942 1136 σιγῶντα,
980 1049 1067 1117 α’λλδ
1098 1053 1140 1116 τὰ
1173 1053 1384 1134 ἐμποιοῦντα

155 1159 251 1244 σιγὴν
280 1164 329 1244 τῷ
358 1159 522 1241 βλέποντι
553 1160 609 1225 διὰ
639 1159 678 1224 τὸ
710 1159 900 1239 θαυμαστοὶ
931 1154 1053 1224 εἶναι.“
1104 1154 1196 1238 Ἐμοί
1226 1161 1263 1222 δέ
1294 1159 1385 1222 δοκεῖ

155 1267 258 1352 μηδὲν
295 1263 409 1330 κοινόν
451 1262 539 1331 εἶναι
578 1267 818 1350 ἐτυμολογικαῑς
856 1271 904 1350 τῷ
943 1289 980 1330 τε
1019 1267 1169 1348 ἐπιθέτῳ
1216 1264 1384 1347 σιγαλόεις

156 1377 214 1437 καί
243 1377 292 1456 τῷ
323 1368 529 1459 οόσιαστικηῖ
561 1370 705 1454 όνόματι
737 1373 827 1460 σιγή,
859 1375 892 1448 ἐξ
921 1361 961 1437 οὗ
984 1367 1180 1446 Εὐστόθιος
1204 1367 1287 1437 αότδ
1312 1372 1383 1435 ἐτυ-

154 1479 310 1561 μολογῶν
340 1485 511 1566 φαίνεται.
564 1478 672 1546 ’Άλλοι
712 1483 747 1546 δέ
778 1480 884 1545 πάλιν
912 1478 1115 1562 βουλόμενοι
1145 1479 1184 1544 τό
1217 1477 1411 1560 σιγαλόεις,

156 1591 306 1669 συγγενὲς
336 1583 424 1652 εἶναι
454 1595 525 1662 τοίς
557 1584 700 1668 ὀνόμασι
738 1587 913 1668 σίαλον,
953 1587 1108 1662 σίαλος
1138 1586 1291 1668 λέγουσιν
1331 1579 1384 1649 ὅτι

156 1697 314 1776 σημαίνει
351 1701 487 1780 πρῶτον
528 1699 591 1777 μὲν
635 1694 695 1758 τόν
733 1695 875 1778 πιμελῆ,
920 1689 994 1758 εἶτα
1040 1694 1076 1758 δέ
1120 1692 1180 1758 τὸν
1226 1691 1384 1778 λαμπρόν

157 1795 234 1880 (ὅρα
258 1805 420 1886 Κουρτίου
443 1801 677 1885 ἐτυμολογικὸν
705 1802 774 1866 σελ.
799 1807 889 1886 599).
933 1795 991 1865 Ἕκ
1014 1825 1049 1884 γε
1072 1799 1137 1886 μὴν
1158 1809 1217 1886 τῆς
1236 1799 1384 1885 χρήσεως

153 1909 301 1988 βέβαιον
331 1912 509 1990 φαίνεται,
549 1903 602 1973 ὅτι
640 1907 679 1973 τὸ
718 1909 881 1972 ἐπίθετον
919 1907 1101 1990 σιγαλόεις,
1139 1913 1295 1990 σημαίνει
1325 1904 1385 1970 τόν

156 2019 424 2097 σεσημασμένον,
447 2016 507 2080 τὸν
527 2021 648 2099 σημεῖα
664 2016 785 2096 ἐγοντα
809 2015 877 2078 ελτε
897 2015 933 2077 ἐκ
950 2015 1084 2098 φύσεως
1107 2014 1175 2079 εἴτε
1200 2016 1236 2078 ἐκ
1259 2018 1382 2098 τέχνης.

157 2123 222 2184 Καί
254 2119 447 2203 ἐκφύσεως
475 2126 538 2202 μὲν
577 2120 700 2204 σημείό
730 2143 808 2184 τινα
839 2125 1000 2206 φέρουσιν
1031 2122 1116 2185 ἐνιοι
1145 2125 1213 2185 τῶν
1243 2125 1385 2206 καρπῶν

155 2227 223 2288 τῶν
246 2225 404 2311 δένδρων,
436 2220 507 2291 οἶαι
538 2226 575 2290 αἱ
599 2223 816 2308 α’μυγδόλαι,
836 2222 947 2312 ἅσπερ
965 2221 1158 2312 Ἕρμιππος
1190 2227 1263 2312 παρ
1291 2223 1383 2309 Ἀθη-

154 2336 239 2415 ναίιρ
258 2335 420 2416 (1‚28,a)
445 2329 669 2416 ἀμύγδαλα
694 2315 961 2416 σιγαλόεντα
985 2333 1090 2416 καλεί,
1115 2328 1175 2397 ἅτε
1198 2333 1242 2396 τὰ
1259 2331 1383 2416 κελύφη

156 2437 367 2504 κατάστικτα
390 2444 442 2504 καί
466 2445 611 2524 σημείων
633 2439 722 2505 πλέα
746 2442 874 2522 έχοντα.
921 2443 985 2506 Καί
1014 2440 1058 2504 τό
1082 2437 1261 2504 θαλάσσια
1285 2439 1383 2524 φόκη,

155 2544 199 2608 τὰ
222 2545 337 2632 μακρὰ
366 2530 423 2612 καλ
445 2547 605 2632 ταινιοίδη
635 2553 693 2612 καί
723 2547 810 2612 κατὰ
840 2547 901 2612 τόν
931 2551 1091 2630 πυθμένα
1123 2550 1181 2632 τῆς
1203 2546 1384 2632 θαλάσσης

157 2649 282 2734 δμοίως
304 2661 375 2728 τοίς
391 2659 537 2735 σχοίνοις
552 2654 742 2739 πεφυκότα,
767 2652 856 2739 ἅπερ
872 2644 976 2729 αὖθις
991 2655 1087 2740 παρὰ
1106 2660 1155 2738 τῷ
1178 2649 1272 2736 αότῷ
1291 2648 1383 2736 Ἀδη-

155 2763 241 2842 ναίῳ
256 2759 449 2845 Νουμήνιος
469 2766 574 2843 μνία
599 2760 866 2844 σιγαλόεντα
890 2759 1097 2844 ἐπονομάζει
1114 2763 1160 2843 (7,
1177 2760 1331 2840 σελ.295,
1347 2767 1381 2840 ι).

18 2937 22 2951 ι
153 2859 203 2930 Ἐκ
227 2865 262 2928 δέ
284 2871 342 2952 τῆς
364 2871 478 2951 τέχνης
502 2865 545 2942 οίς
567 2867 727 2943 ποικίλως
748 2871 1057 2950 κατεσκευασμένα,
1080 2871 1195 2959 γραφῇ
1216 2890 1283 2931 τινι
1308 2888 1382 2930 ποι-

156 2971 234 3036 κίλα
258 2969 378 3054 (Ἡσυχ.
403 2974 439 3038 ἐν
461 2973 529 3048 λιξ.
553 2974 660 3058 σιγαλ.
694 2974 804 3040 Schol.
828 2973 942 3040 Ambr.
967 2973 1036 3039 σελ.
1061 2981 1145 3057 475,
1170 2974 1221 3041 ed.
1244 2976 1382 3054 Buttm.)

156 3077 340 3143 καλοῦνται
362 3077 432 3144 όπδ
452 3076 593 3168 Ὁμήρου
610 3083 746 3168 πρῶτον
768 3078 831 3160 μέν
852 3080 896 3146 τό
919 3075 1118 3167 ὖπεριόια
1145 3077 1221 3165 (Ὀδ.
1244 3086 1288 3162 11,
1305 3086 1380 3146 449.

155 3189 192 3268 Σ,
209 3193 285 3252 206.
311 3193 349 3269 Τ,
369 3194 442 3252 600.
469 3192 507 3269 Υ,
523 3195 612 3270 488),
635 3184 710 3253 εἶτα
735 3189 768 3252 δέ
792 3188 826 3252 δί
849 3184 971 3268 όμοίαν
994 3188 1109 3252 αίτίαν
1132 3183 1150 3252 ὁ
1173 3187 1305 3269 χιτὼν
1328 3211 1382 3250 κα-

155 3291 266 3358 λείται
289 3293 511 3376 σιγαλόεις
535 3289 609 3375 (Ὀδ.
636 3298 675 3376 0,
693 3301 745 3360 60.
772 3301 809 3377 Τ,
828 3301 926 3376 238),
952 3290 988 3368 ὃς
1009 3297 1066 3358 καλ
1081 3293 1177 3379 παρὰ
1193 3302 1264 3368 τοίς
1288 3289 1382 3358 ὕστε-

156 3423 216 3489 ρον
247 3399 303 3465 διό
333 3401 376 3466 τὰ
406 3405 623 3485 ἐνυφασμένα
660 3409 784 3484 σημεῖα
814 3396 835 3485 ἢ
866 3400 935 3476 ζόα
966 3399 1121 3465 καλεῖται
1151 3401 1382 3482 κατάστικτος,

156 3509 303 3590 ζαωτός,
342 3508 523 3592 ζῳδιωτός,
561 3507 686 3574 Πολοδ.
727 3503 821 3590 όνομ.
853 3515 892 3590 7,
930 3513 989 3572 55·
1020 3503 1064 3589 ,,ό
1095 3509 1132 3572 δε
1163 3507 1383 3581 κατάστικτος

154 3616 256 3701 γιτεόν
283 3616 375 3679 ἐστιν
406 3613 424 3679 ό
455 3618 538 3698 έχων
569 3618 638 3694 ζόία
668 3611 688 3700 ἢ
719 3613 808 3698 δι’νθη
832 3615 1067 3698 ἐνυφασμένα·
1098 3617 1157 3678 καί
1187 3612 1316 3692 ζωωτδς
1346 3613 1383 3676 δέ

155 3723 259 3808 χιτών
288 3724 441 3789 ἐκαλεῖτο
470 3729 527 3789 καί
557 3721 753 3807 ζιρδιωτόςέί.
807 3720 902 3806 Πρός
932 3721 968 3784 δὲ
997 3720 1131 3798 τοδτοις
1162 3724 1221 3786 καί
1249 3721 1294 3784 τοὶ
1325 3719 1382 3785 εί-

155 3853 271 3912 ματα
294 3827 419 3911 δμοίως
442 3829 703 3912 σιγαλόεντα
727 3829 911 3893 καλοῦνται
936 3822 1003 3912 (Ίλ.
1027 3831 1070 3910 Χ,
1090 3835 1163 3894 154.
1183 3824 1246 3892 Ὀδ.
1271 3833 1310 3909 Ζ,
1328 3833 1382 3894 26.

153 3933 264 4023 Ὀμηρ.
284 3935 356 4017 Ὑμ.
380 3937 429 4012 είς
448 3934 579 4024 Ἅφροδ.
604 3943 657 4019 85,
684 3943 770 4017 164),
794 3937 852 3998 καί
875 3934 918 4000 τοί
943 3933 1070 4021 ῥήγεα
1101 3929 1175 4017 (Ὀδ.
1200 3941 1238 4016 Ζ,
1263 3939 1316 3999 38.
1340 3939 1382 4014 A,

160 4051 232 4109 τεο.
256 4051 299 4127 Ν,
327 4049 403 4130 118)
429 4047 487 4108 καὶ
508 4043 552 4108 ιε
575 4039 676 4129 ηιια
698 4038 764 4124 (τι.
787 4049 827 4123 ε,
844 4049 919 4124 ονε,
936 4049 1010 4108 ονε.
1034 4046 1069 4122 Ρ,
1086 4047 1162 4106 479.
1183 4033 1246 4106 ὀε
1270 4031 1308 4122 τ’,
1326 4046 1381 4122 ει)

157 4153 214 4215 καί
236 4150 278 4214 τοὶ
304 4151 498 4232 δέσματα
524 4147 590 4234 (Ίλ.
614 4155 656 4236 Χ,
681 4155 772 4234 468).

661 4401 874 4409 ι-ρ-
