3114 4810
698 279 739 368 ω

83 458 235 522 ἵστατο.
276 461 464 540 Τοιγαροῦν
478 461 587 540 μικρηῖ
602 451 743 539 ὕστερον
758 451 1061 538 μεταπηδήσαντος
1076 458 1136 516 τοῦ
1153 447 1333 526 Ὀδυσσέως

83 568 135 642 τίς
160 565 232 630 τὸν
262 560 363 628 ούδόν
387 567 443 626 καί
465 561 633 642 βαλόντος
657 565 793 648 πρῶτον
815 563 879 640 μέν
899 554 1073 640 Ἀντίνουν,
1096 555 1170 623 εἶτα
1196 561 1230 624 δὲ
1245 557 1333 640 μετοί

65 696 170 736 -τινα
207 671 427 754 λογομαχίαν
456 665 674 752 Εὐρύμαχον,
705 666 835 747 λέγεται
862 665 1068 752 Τηλέμαχος,
1099 667 1173 730 ἐπεὶ
1197 672 1333 749 πρῶτον

83 775 312 862 Ἀμφίνομον
339 773 494 841 Ὀδυσσεῖ
526 775 712 860 προσμῖξαι
742 770 950 857 ὁρμήσαντα,
981 773 1011 836 εί
1030 796 1102 847 πως
1126 778 1193 836 τοῖν
1216 777 1334 859 θυρῶν

94 883 340 971 α’ποκιυήσειε,
363 882 481 965 βαλών
506 877 655 947 ὄπισθεν
677 882 724 964 τηῑ
748 879 866 965 δόρατι
887 880 1063 961 κατέβαλε,
1086 879 1233 960 τοίχιστα
1249 879 1333 959 πρὸς

95 993 159 1057 τὸν
184 996 324 1075 πατέρα
349 991 493 1076 δραμεῖν

289 1169 323 1238 βῆ
343 1167 371 1222 δι’
391 1171 477 1230 θέειν,
499 1162 577 1234 μα’ία
597 1162 622 1218 δ’
646 1156 703 1218 ιόιια
724 1165 806 1236 φίλον
825 1161 919 1240 πατέρ’
942 1164 1129 1234 ιῖσαφίκανεν.
1143 1167 1162 1233 ¹)

105 1308 181 1393 Ούχ
219 1309 336 1376 ίστατο
377 1307 444 1394 δίρα
481 1307 674 1391 Τηλέμαχος
717 1310 962 1392 κεκορυθμένος
1002 1302 1077 1387 ἄγχ’
1115 1304 1235 1388 αύτού,
1273 1315 1336 1370 του

97 1413 297 1498 Ὀδυσσέως,
313 1420 476 1501 καθάπερ
492 1412 728 1500 ἡμαρτημένως
743 1411 910 1498 γράφεται
925 1415 979 1475 καί
1003 1414 1227 1498 ἑρμηνεύεται,
1245 1409 1332 1477 ἄλλό

99 1525 145 1588 τό
174 1526 265 1608 έγχος
281 1519 356 1604 δι’γχι
369 1531 431 1587 τού
449 1505 647 1608 Τηλεμάχου
662 1518 794 1602 έστηκει
817 1523 1148 1604 κεκορυθμένον
1172 1519 1335 1584 αίθοπι

103 1631 253 1714 χαλκῷ.
292 1635 358 1694 Καὶ
373 1634 441 1694 πού
457 1628 495 1712 δη
513 1628 597 1692 αύτό
622 1622 725 1700 εύθὺς
747 1623 907 1708 είστηκεις
931 1625 1024 1709 Πρός
1046 1631 1160 1690 κίονα
1183 1631 1335 1712 μακρην

107 1736 200 1822 πὰρ
231 1735 408 1821 θρόνον,
440 1738 546 1819 φαίην
570 1728 612 1797 όίν
636 1733 732 1815 έγωγε
764 1727 850 1795 καθ’
872 1727 1035 1818 Ὅμηρον,
1068 1729 1103 1807 ὃς
1126 1737 1183 1796 καί
1206 1741 1242 1796 ἐν
1264 1742 1336 1808 τοῖς

106 1844 311 1927 ἔμπροσθεν
331 1841 393 1906 τὸν
408 1841 603 1926 Τηλέμαχον
618 1841 784 1922 πεποίηκε
799 1838 838 1902 τὸ
853 1840 909 1922 της
920 1834 1064 1923 Ἀθηνᾶς
1079 1841 1171 1922 έγχος
1187 1845 1334 1925 φέροντα

104 1949 324 2014 καίὶστιίντα
341 1947 450 2030 πρὸς
472 1951 602 2011 κίονα
625 1944 1096 2032 μακρήν,δουροδόκης
1120 1949 1336 2011 ἔντοσθεν

103 2055 208 2132 ένξό
218 2062 309 2136 ον’).
351 2051 387 2116 ‘0
404 2052 529 2136 θρόνος
544 2056 667 2132 τοίνυν,
684 2047 741 2133 ἐφ’
767 2041 807 2114 ού
825 2049 845 2115 ό
863 2052 1056 2134 Τηλέμαχος
1071 2053 1234 2137 κάθηται,
1250 2053 1336 2139 πρὸς

103 2161 169 2228 τὸν
198 2167 296 2226 κίονα
328 2161 517 2243 ἐρείδεται,
549 2156 662 2242 (ἕσπερ
695 2156 715 2223 δ
746 2167 809 2223 τού
839 2159 1036 2243 Δημοδόκου
1066 2160 1102 2222 έν
1131 2169 1174 2249 τῇ
1194 2156 1336 2224 Ἀλκίνου

110 2267 346 2352 ἀνδρωνίτιδι,
378 2269 434 2328 καὶ
464 2263 502 2328 τό
534 2265 641 2347 ἔγχος,
673 2269 729 2328 καὶ
760 2265 817 2329 διὰ
850 2268 949 2330 τοῦτο
978 2265 1108 2346 λέγεται
1132 2261 1208 2347 ἄγχι
1231 2259 1337 2328 αύτού

114 2373 187 2457 πὰρ
218 2369 346 2458 θρόνον
374 2375 548 2456 έστηκέναι
585 2375 835 2454 κεκορυθμένον
871 2371 997 2456 χαλκηῖ.
1040 2368 1074 2434 ‘0
1098 2372 1133 2435 δέ
1163 2375 1261 2452 κίων,
1300 2365 1336 2445 ὃς

111 2479 212 2564 πυροί
234 2487 276 2569 τῇ
297 2477 421 2562 ἐσχάρη
444 2470 500 2561 ἢν,
531 2483 692 2560 φαίνεται
722 2480 757 2542 έν
781 2480 874 2559 δεξιᾷ
898 2475 918 2563 ἢ
941 2479 977 2542 έν
1008 2473 1170 2565 ἀριστερᾷ
1201 2482 1259 2562 της
1287 2478 1336 2554 είς
1413 2511 1416 2518 ·

111 2585 174 2671 τήν
203 2592 434 2666 γυναικωνῖτιν
471 2584 607 2649 είσόδου
646 2584 734 2648 κατὰ
772 2587 832 2670 τὴν
870 2587 986 2672 ἑτέραν
1015 2593 1083 2650 τοῖν
1113 2589 1239 2668 γωνιῶν
1268 2588 1337 2650 των

110 2695 365 2772 συνισταμένων
387 2692 421 2754 έκ
445 2715 482 2754 τε
505 2701 570 2756 τοῦ
587 2699 702 2756 κοινοῦ
718 2696 774 2755 καί
789 2699 946 2778 ἑκατέρου
964 2697 1030 2757 νύν
1053 2693 1202 2775 πλαγίων
1218 2697 1338 2773 τοίχων

110 2799 290 2884 ἱδρυμένος.
334 2793 372 2861 Ἡ
392 2797 454 2883 γὰρ
474 2793 597 2884 Ἄρη’τη,
622 2795 641 2884 ἢ
665 2799 701 2863 έν
723 2801 763 2890 τῇ
785 2798 912 2881 μεταξύ
934 2802 992 2883 τῆς
1015 2800 1123 2884 θύρας
1146 2799 1203 2883 τῆς
1225 2821 1335 2879 γυναι-

116 2904 286 2979 κωνίτιδος
309 2906 367 2966 καί
397 2906 453 2988 τῆς
484 2905 631 2991 ἐσχάρας
651 2904 745 2990 χοίρηι
769 2905 825 2970 ἐπὶ
849 2905 977 2991 θρόνου
1001 2905 1168 2991 κάθηται,
1200 2904 1336 2979 πάντως

115 3006 154 3074 ού
177 3009 242 3092 πρὸ
266 3015 323 3096 τῆς
346 3008 457 3096 θύρας
481 3005 628 3096 όκριβοῖς
651 3011 795 3100 ἵδρυται,
820 3007 906 3076 α’λλοὶ
932 3013 1071 3099 σμικρὸν
1095 3007 1197 3097 αὐτῆς
1217 3034 1334 3097 περαι-

110 3121 195 3205 τέρω
220 3118 315 3203 παρὰ
339 3117 400 3182 τὸν
423 3116 538 3182 κοινὸν
562 3127 675 3200 τοῖχον
698 3124 755 3184 καί
779 3119 835 3184 διό
861 3125 958 3184 τούτο
975 3129 1024 3204 τηῖ
1047 3123 1134 3183 κίονι
1157 3117 1335 3183 κεκλίσθαι

14 3305 17 3314 Ι
113 3223 248 3304 λέγεται.
297 3224 344 3288 Τὸ
370 3225 404 3289 δέ
427 3224 608 3298 κεκλίσθαι
631 3227 674 3312 μὴ
698 3226 736 3290 τό
761 3231 1069 3313 προσερηρεῖσθαι,
1093 3220 1170 3290 α’λλ)
1194 3218 1266 3290 οἶον
1288 3228 1336 3307 τῷ

114 3334 197 3394 κίονι
236 3325 439 3415 ἀφωρίσθαι
485 3330 545 3416 τὴν
587 3336 645 3415 τῆς
679 3329 807 3420 Ἄρη’της
844 3335 946 3419 έδραν
985 3334 1106 3420 δηλοῦν
1143 3328 1287 3418 ἡγοῦμαι
1298 3337 1336 3415 ³).

109 3439 180 3501 Καί
202 3432 328 3528 όσαδ
351 3461 394 3501 av
418 3440 496 3523 περί
520 3443 578 3521 τῆς
608 3443 644 3502 ἐν
675 3439 780 3520 τούτῳ
813 3443 862 3524 τηῑ
891 3439 987 3522 τόπῳ
1018 3440 1118 3525 ἔδρας
1150 3445 1206 3524 τῆς
1231 3444 1335 3524 Πηνε-

109 3543 218 3628 λόπης
247 3546 304 3607 καί
334 3548 396 3607 τού
423 3539 606 3618 Ὀδυσσέως
626 3539 774 3631 ’Όμηρος
805 3546 915 3632 είρηκε
946 3549 1004 3610 καί
1034 3551 1146 3610 ταῦτα
1177 3545 1237 3631 την
1275 3551 1337 3609 τοῦ

110 3655 223 3726 κίονος
253 3649 385 3735 χιόραν,
416 3639 499 3740 ᾗπερ
531 3651 663 3738 είρηταί
692 3675 769 3734 μοι,
802 3653 908 3740 δηλοῖ.
956 3657 1161 3740 Καθημένου
1189 3652 1250 3734 γὰρ
1275 3659 1338 3716 τού

106 3753 290 3831 Ὀδυσσέως
313 3754 398 3840 πρός
422 3763 544 3822 τοῦτον
574 3757 635 3822 τόν
666 3762 763 3822 κίονα
788 3757 808 3844 ἡ
832 3759 1012 3844 Πηνελόπη
1044 3761 1092 3834 είς
1122 3761 1182 3846 τὴν
1210 3755 1335 3844 ἄνδρω-

109 3871 199 3928 νΐτιν
223 3863 432 3927 εἰσελθοῦσα
458 3864 515 3927 διὰ
538 3870 593 3948 τῆς
616 3865 728 3949 θύρας
758 3872 815 3952 της
845 3869 1114 3948 γυναικωνίτιδος
1137 3869 1191 3930 καί
1215 3863 1337 3948 μικρὸν

109 3970 200 4056 πρὸς
221 3965 376 4053 θοίτερον
399 3972 467 4033 τῶν
490 3969 639 4052 πλαγίων
669 3975 726 4058 τῆς
750 3972 861 4060 θύρας
884 3979 998 4058 μερῶν
1019 3971 1116 4058 παρὰ
1138 3971 1199 4036 τόν
1221 3969 1337 4036 κοινόν

61 4131 65 4140 .
110 4085 227 4157 τοῖχον
248 4077 434 4164 χωρησασα
458 4079 635 4153 καθίζεται
658 4085 814 4144 ἐναντίον
837 4075 944 4146 αὐτοῦ

204 4327 231 4394 1)
247 4321 300 4379 ὀμ
319 4331 358 4379 x,
378 4332 422 4381 οε.
497 4327 524 4395 2)
540 4323 594 4380 ὀι
621 4332 652 4379 Α.
676 4331 789 4384 ιον-ε.
864 4329 890 4396 3)
909 4329 959 4384 οι.
986 4336 1019 4382 2.
1045 4331 1107 4383 τοι.
1127 4335 1189 4401 πρε.
1215 4331 1336 4394 Νιωεω,

113 4417 195 4469 Anm.
216 4420 241 4483 2,
260 4415 315 4470 σελ.
337 4420 398 4470 130.
