3114 4810
779 245 799 310 8

173 414 253 486 οῦδὲ
293 419 373 494 τοῦς
411 415 644 506 καταλογάδην
676 417 930 507 συγγράφοντας
958 420 1096 496 δικαίως
1135 417 1178 485 άν
1208 442 1260 495 τις
1288 427 1401 484 ποιεῖν

174 523 363 601 άξιιόσειεν.
383 523 525 590 Ἔπειτα
544 527 578 590 δὲ
593 523 653 612 τὴν
668 522 832 612 ἡμετέραν
848 522 961 590 αύτιῦν
982 523 1121 608 άχνοιαν
1136 526 1249 591 αίτιον
1263 527 1399 606 νομίζω.

172 629 261 697 Ὅσοι
284 634 348 718 γάρ
372 642 445 708 τοῖς
468 641 628 718 ποιηταῖς
651 635 813 719 καὶπερὶ
836 631 965 697 τούτων
988 632 1133 719 είρηται,
1165 629 1206 696 οῦ
1214 639 1399 718 ,περισσοῖς

172 733 247 805 οὐδ’
271 732 315 804 οιῦ
338 741 458 814 ἐνδεοῦς
475 735 589 814 αύτοίς
605 743 801 825 πεποίηται,
826 735 895 804 ἀλλ’
920 735 1004 804 ὅσον
1018 763 1053 821 χε
1069 742 1148 825 περὶ
1170 739 1315 804 ἑκάστου
1332 743 1401 804 τιῦν

170 847 358 928 λεγομένων
379 845 425 910 τὰ
447 845 662 932 προσήκοντα
685 841 1000 930 ὑποσημαίνεσθαι.
1045 842 1086 909 “0
1109 869 1145 908 τε
1168 845 1230 929 γάρ
1249 839 1400 932 ’Ὅμηρος

171 957 231 1018 καί
253 952 380 1028 πάντες
404 952 437 1018 οἱ
458 949 530 1033 μετ’
546 948 650 1017 αῦτδν
675 947 715 1016 οῦ
737 961 811 1027 τοίς
833 952 949 1039 πόρρω
973 960 1045 1026 τοῖς
1060 952 1193 1038 χρόνοις
1209 949 1397 1035 άφισταμέ-

170 1082 252 1144 νοις,
278 1056 365 1124 άλλά
388 1067 460 1135 τοῖς
483 1054 562 1123 καθ’
585 1058 729 1134 ἑαυτούς
755 1058 856 1133 ζῦσιν
873 1055 1073 1145 άνθροόποις
1101 1062 1252 1140 ἐποίουν,
1277 1059 1400 1135 οἵτινες

169 1165 215 1230 τδι
246 1166 429 1252 πράγματα
462 1161 550 1230 αύτά
581 1153 620 1230 εῦ
642 1166 772 1240 εἰδότες
804 1169 862 1229 καί
892 1165 952 1250 την
974 1163 1186 1250 βραχυτάτην
1215 1170 1282 1230 τῶν
1312 1163 1397 1230 ῦπο·

168 1272 323 1357 μνήσεων
344 1275 401 1338 καί
415 1275 537 1338 πάσαν
551 1269 723 1336 ύπόνοιαν
744 1267 892 1358 άκριβιδς
908 1277 1060 1336 συνιέναι
1082 1268 1258 1402 ηδύναντο.
1296 1272 1399 1346 Εἰκδς

171 1372 232 1445 οῦν
257 1376 360 1462 όσαχε
394 1376 507 1444 αύτῦν
539 1378 606 1443 εἴτε
635 1377 835 1464 βραχύτατα
866 1382 1066 1502 πέφρασται
1097 1379 1163 1444 τότε
1194 1383 1250 1444 καί
1280 1379 1399 1466 ψιλοῖς

170 1494 244 1562 τοῖς
261 1481 407 1566 ὀνόμασι
424 1485 618 1611 δεδήλωται,
641 1491 779 1562 ἐκείνοις
801 1491 863 1566 μὲν
885 1485 1035 1571 χνιόριμα
1058 1490 1114 1550 καί
1136 1507 1282 1572 σαφη,η
1264 1483 1344 1570 ημιν
1361 1487 1397 1550 δὲ

171 1591 229 1658 διὰ
252 1592 291 1657 τὸ
316 1593 450 1678 πλῆθος
473 1595 535 1656 τοῦ
555 1591 696 1676 χρόνον,
719 1581 806 1656 ίν
779 1617 803 1676 ῳ
828 1598 995 1657 τοσαῦται
1019 1595 1076 1655 καί
1098 1593 1296 1676 τηλικαῦται
1319 1598 1398 1676 περὶ

169 1699 232 1764 τὸν
253 1705 331 1782 βίον
346 1699 535 1781 μεταβολαί
557 1699 721 1780 ἐγένοντο,
747 1696 933 1782 άδιανόητα
956 1703 1012 1762 καί
1030 1700 1186 1764 σκοτεινά
1210 1695 1308 1764 εἶναι.
1350 1696 1400 1764 Οῦ

168 1829 249 1892 μην·
260 1803 348 1871 άλλδι
371 1809 428 1870 καί
452 1802 511 1870 οῦκ
544 1801 663 1887 όλίχων
694 1792 799 1878 αῦθις
831 1801 1008 1885 ὀνομάτων
1038 1831 1057 1892 η
1090 1802 1244 1889 άσάφεια
1268 1807 1397 1892 πολλην

170 1915 369 2000 δυσχέρειαν
391 1914 448 1974 καί
479 1913 669 1993 διαφωνίαν
696 1913 777 1996 περὶ
799 1910 858 1996 τὴν
888 1913 1042 1987 ίξίτασιν
1065 1920 1209 1998 παρέχει.
1258 1913 1398 1978 Τούτων

168 2019 232 2106 γάρ
255 2019 299 2082 τά
321 2026 383 2098 μέν
406 2019 479 2082 ίστι
502 2018 669 2100 γλῶσσαι,
695 2011 818 2106 οἷάπερ
842 2018 885 2084 τά
910 2014 1076 2101 άνόπαια,
1099 2019 1271 2106 μεσόδμη,
1295 2019 1396 2100 μέλα-

168 2130 278 2212 θρον,
311 2120 485 2213 ὀρσοθύρη
515 2127 573 2189 καί
607 2122 711 2206 ἄλλα,
743 2130 799 2190 καί
830 2125 888 2190 διά
917 2127 1020 2190 τοῦτο
1053 2128 1321 2212 διακριβοῦσθαι
1356 2126 1396 2192 οῦ

170 2233 292 2321 ῥηίδια·
309 2233 353 2298 τά
369 2235 406 2298 δὲ
422 2231 570 2319 χνάριμα
586 2237 658 2315 μέν,
675 2229 745 2297 ἄλλ’
762 2228 903 2316 α’σταθῆ
918 2233 977 2318 την
991 2236 1111 2318 χρῆσιν
1126 2237 1182 2297 καί
1199 2229 1394 2321 άδιόριστοι·

113 2407 118 2418 ,
167 2343 313 2406 τοιαῦτα
329 2339 479 2420 μάλιστά
502 2339 575 2403 ἐστι
589 2340 634 2404 τά
650 2339 830 2419 συνάννμα
847 2335 949 2420 οἶκος,
974 2339 1087 2420 δόμος,
1112 2342 1216 2422 δῶμα,
1239 2346 1394 2426 μέγαρον.

170 2451 309 2533 Χαίρων
332 2444 393 2532 γάρ
414 2441 562 2532 Ὅμηρος
584 2448 626 2537 τῇ
650 2450 842 2526 συνωνυμίᾳ
859 2447 1045 2535 καλουμένη
1071 2441 1110 2509 ού
1132 2445 1239 2525 μόνον
1262 2447 1395 2520 τούτοις

169 2552 231 2640 την
262 2547 342 2636 ὅλην
373 2553 482 2617 οίκίαν
511 2556 779 2639 προσαγορεύειν
810 2551 917 2635 φιλεῖ,
954 2548 1040 2616 άλλά
1072 2553 1128 2614 καί
1158 2555 1216 2616 ἐπί
1245 2556 1314 2614 τοῖν
1335 2555 1394 2634 τῆς

170 2662 281 2734 οίκίοις
303 2661 415 2744 μερῶν
444 2658 607 2732 πολλάκις
639 2657 727 2723 αύτά
756 2663 889 2723 τάσσει.
935 2662 1143 2742 Συμβίβηκεν
1166 2646 1235 2739 οῦν,
1260 2653 1395 2722 ὁπόταν

168 2762 319 2845 τούνομα
349 2770 389 2855 τῇ
416 2767 484 2828 τοῖν
515 2765 700 2846 λεγομένων
731 2771 883 2848 συνεχείᾳ
915 2765 959 2852 μὴ
992 2769 1114 2854 ῥᾳδίως
1145 2763 1310 2854 ὁρίζηται,
1348 2765 1393 2850 με)

168 2873 295 2936 εἰδέναι
318 2867 384 2962 ὅπη
409 2875 466 2935 καί
490 2867 583 2947 όπως
605 2877 773 2937 τέτακται.
783 2879 807 2954 1)

256 2972 307 3043 Ἐν
322 2981 385 3058 μὲν
397 2975 516 3043 Ἰλιάδι
525 2974 669 3065 (Όμηρος
684 2981 728 3044 τδι
737 2979 897 3066 Πριάμου
905 2987 944 3066 ²),
960 2979 1114 3066 Πάριδος
1130 2983 1187 3044 καί
1200 2977 1392 3064 Ἕκτοροςί)

170 3081 355 3172 άνάκτορα,
380 3081 402 3148 ἃ
426 3086 482 3149 ἐπί
505 3091 546 3177 τῇ
564 3091 690 3172 Τροίας
714 3083 898 3172 α’κροπόλει
922 3083 1164 3170 ηίκοδόμητοί),
1190 3087 1248 3148 διά
1268 3106 1394 3168 μακρο-

169 3196 273 3276 τέρων
295 3192 515 3277 μνημονεύει,
540 3193 576 3256 ίν
601 3194 636 3258 δὲ
656 3188 833 3276 Ὀδυσσείᾳ
852 3193 899 3269 Ιτοὶ
923 3197 1093 3278 Νέστορος
1103 3199 1139 3272 5,),
1163 3190 1345 3254 Μενελάου
1355 3195 1395 3273 ⁶),

166 3293 348 3385 Ἄλκίνουί)
374 3301 431 3363 καί
450 3296 643 3373 Ὀδυσσέως.
654 3305 678 3380 ⁸)
725 3299 819 3385 Πρὸς
846 3302 882 3364 δί
903 3299 1035 3373 τούτοις
1058 3299 1093 3362 ίν
1112 3292 1232 3361 Ἰλιάδι
1254 3301 1315 3377 μὲν
1337 3299 1396 3380 τῆς

165 3400 335 3488 Ἀχιλλίως
349 3408 478 3491 σκηνῆς,
493 3402 534 3489 ἢν
551 3410 640 3487 οἰκίᾳ
655 3403 779 3486 δμοίοιν
794 3407 827 3470 οί
840 3404 1055 3493 Μυρμιδόνες
1070 3399 1163 3484 αῦτᾳῑ
1180 3403 1395 3488 ίποίησανί),

169 3513 207 3578 ίν
223 3512 259 3576 δὲ
277 3505 456 3593 Ὀδυσσείᾳ
471 3514 533 3576 τοῦ
548 3517 747 3592 ποιμενικοῦ
763 3516 925 3593 σταθμοῦ
939 3515 999 3576 τοῦ
1014 3509 1167 3590 συβώτου
1182 3506 1341 3590 Εύμαίου
1353 3514 1392 3594 ¹⁰)

170 3623 227 3684 καί
251 3623 312 3683 τοῦ
336 3619 371 3682 ἐν
394 3626 468 3693 τοῖς
491 3615 606 3705 άχροίς
638 3618 820 3705 οἰκήματος
841 3621 903 3683 τοῦ
933 3623 1087 3704 γέροντος
1109 3621 1315 3704 Λαέρτουίί)
1338 3621 1394 3695 με’·

169 3749 305 3812 μνηται.
352 3728 418 3790 Καί
441 3727 519 3812 περί
543 3730 749 3809 καταχωχίου
772 3720 864 3801 τινδς
886 3726 922 3790 ίν
942 3720 1054 3816 Ἰθάκη
1085 3728 1208 3805 μνείαν
1231 3730 1394 3802 ποιεῖται,

171 3828 191 3898 6
214 3833 332 3917 λέσχην
355 3831 571 3913 ἐπονομάζει.
585 3837 622 3918 ¹2)
668 3830 719 3898 Ἐκ
742 3833 882 3898 πάντων
906 3819 966 3897 οῦν
988 3831 1116 3898 τούτων
1134 3835 1202 3896 τῶν
1219 3831 1394 3913 οἰκοδομη-

260 4030 285 4096 1)
305 4024 356 4100 ὅροι
374 4027 518 4100 ἔπιμέτρον
537 4047 604 4099 σημ.
625 4027 661 4082 α’.
753 4031 781 4098 2)
797 4024 840 4082 Ἰλ.
861 4032 893 4080 Ζ.
914 4031 1068 4089 242-250.
1159 4028 1185 4094 3)
1205 4033 1238 4084 Ζ.
1259 4030 1394 4082 313-17.

169 4115 199 4188 4)
219 4121 252 4170 Z.
268 4121 329 4172 317.
368 4111 684 4184 5)’οδ.1’.387-409.
734 4121 763 4185 6)
776 4121 807 4174 Α.
823 4120 929 4171 43-46
942 4119 988 4171 καί
1002 4121 1114 4171 71-ἵὸ.
1168 4118 1193 4184 7)
1209 4121 1244 4174 Η.
1259 4118 1395 4170 ‘ll-132.

169 4203 199 4279 8)
219 4209 248 4260 Ρ.
270 4209 420 4258 264-288.
484 4209 512 4272 9)
532 4201 573 4262 Ἰλ.
594 4209 630 4259 Ω.
650 4209 784 4261 449-56.
804 4213 869 4279 πρβ.
891 4210 996 4260 644-'1
1015 4208 1062 4259 καί
1081 4209 1194 4269 673-6,
1215 4205 1262 4257 καί
1282 4209 1315 4258 Π.
1330 4208 1391 4259 231.

170 4294 215 4361 10)
234 4287 285 4349 Ὀδ.
305 4293 338 4355 Ξ.
359 4297 454 4346 5-12.
538 4297 581 4363 11)
602 4293 647 4350 06.
669 4298 706 4347 Ω.
728 4297 862 4351 208-10.
948 4297 993 4364 12)
1012 4299 1044 4351 Σ.
1067 4297 1128 4348 327.
1149 4289 1201 4368 δρα
1220 4295 1267 4347 καί
1286 4297 1395 4347 Πασσα-

169 4388 233 4437 κίαν
248 4386 290 4449 10,
310 4385 352 4435 25.
381 4375 502 4435 Εύσιάθ.
524 4382 555 4436 ίν
573 4382 629 4440 Ὀδ.
649 4388 682 4441 Σ.
704 4385 759 4439 σελ.
783 4388 861 4439 1849.
893 4384 1025 4455 Κουρτίου
1044 4380 1241 4454 ἐτνμολοχικδν
1254 4383 1309 4439 σελ.
1331 4386 1391 4438 366.
