3114 4810
817 242 859 306 50

228 425 285 503 τῆς
307 423 369 482 τοῦ
394 411 498 482 ούδού
515 412 629 490 ου’σίας
642 414 842 500 χρήσασθαι
857 415 1020 501 βούληται
1031 423 1067 498 1),
1090 415 1305 498 γενικώτερον
1327 415 1460 480 είωθεν

229 520 333 592 αύτὸυ
356 523 486 602 καλεῖν,
510 523 609 603 λέγων
625 519 729 586 ούδδν
745 519 847 607 αύλῆς
863 521 884 607 ἢ
899 519 1083 604 αι’ίλειονέ),
1108 519 1211 588 ούδδν
1226 521 1404 602 θαλάμοιο
1417 529 1457 604 ³),

159 706 163 716 ,
230 627 346 716 ὥσπερ
378 632 434 694 καί
465 633 617 694 ἐνταῦθα
657 623 738 692 άντλΙ
769 634 827 692 τοῦ
858 630 968 693 εἰπεῖν
993 625 1095 694 οδδδν
1126 623 1323 716 ύρσοθύρας
1351 625 1461 694 ούδὸν

228 737 389 823 μεγάροιο
413 736 551 820 είρηιιεν.
589 732 660 798 ’Em
682 739 773 811 τίνος
790 725 849 800 οὖν
865 741 932 800 τῶν
948 736 1121 822 τεσσάρων
1135 737 1189 821 τῆς
1213 732 1459 822 άνδρωνίτιδος

229 849 350 926 τοίχων
379 841 399 926 ή
431 837 607 927 δρσοθύρα
639 836 698 925 ήνς
737 842 881 918 Πάντως
912 842 1024 928 δήπου
1058 847 1115 907 ἐπὶ
1146 845 1208 906 τοῦ
1237 848 1353 929 έτέρον
1385 846 1458 908 τῶν

230 951 378 1032 πλαγίων
399 955 522 1030 τοίχων
544 950 600 1011 καί
624 947 663 1033 δή
687 953 784 1033 παρδ
815 955 855 1040 τῇ
881 956 980 1032 ἑτέρᾳ
1004 955 1071 1015 τῶν
1093 955 1221 1032 γωνιῶν
1242 955 1311 1013 τῶν
1334 955 1370 1014 έκ
1394 958 1461 1016 τοῦ

229 1059 341 1143 ἑτέρου
365 1061 433 1120 τοῖν
456 1054 606 1138 πλαγίων
628 1057 684 1116 καί
708 1061 769 1118 τοῦ
792 1059 908 1138 τοίχου
925 1062 984 1142 τῆς
1006 1059 1117 1141 κοινῆς
1131 1056 1242 1139 θύρας
1265 1053 1456 1121 άποτελοο·

228 1167 353 1243 μένων,
396 1162 486 1226 ένθα
518 1163 574 1224 καί
606 1157 625 1224 δ
656 1160 782 1247 κρατήρ
812 1161 927 1249 ἵδρυτο
938 1169 975 1245 ⁴).
1028 1161 1062 1227 ‘0
1094 1165 1129 1228 δὲ
1149 1159 1356 1244 ΙΕὐοτάθιος
1397 1159 1451 1228 ούκ

231 1265 345 1356 ὀρθαῖς
376 1267 539 1351 βούλεται
570 1263 673 1352 αύτήν
703 1272 844 1332 κεῖσθαι
882 1271 917 1334 έν
956 1272 1051 1352 δεξιᾷ
1090 1272 1139 1353 τιή
1176 1270 1232 1334 ἐπὶ
1261 1275 1319 1356 τῆς
1351 1272 1459 1354 φλιαῖς

230 1377 396 1460 ἱσταμένῳ
430 1377 486 1438 καί
517 1377 689 1449 τοξεύοντι
709 1369 864 1439 Ὀδυσσεῖ
873 1383 910 1454 ⁵).
946 1371 1052 1453 (Όλως
1084 1369 1122 1441 δέΙ
1150 1375 1206 1440 διὰ
1237 1377 1361 1462 ταύτην
1396 1377 1461 1463 τήν

228 1485 341 1571 χάραν
364 1480 385 1566 ή
410 1477 586 1567 ὄρσοθύρα
610 1475 678 1543 ύπὸ
704 1487 773 1545 ταῖν
796 1483 955 1548 παλαιῶν
986 1484 1111 1566 πλαγία
1139 1484 1229 1570 θύρα
1253 1483 1459 1563 έκαλεῖτοθ).

228 1587 322 1656 Ἀλλαὶ
346 1595 408 1653 ποί
433 1587 471 1672 δή
493 1591 541 1669 τῷ
564 1587 621 1650 διὰ
643 1592 700 1671 τῆς
725 1582 923 1675 ὄρσοθύρας
952 1593 1014 1661 ἔξω
1045 1597 1103 1673 τῆς
1134 1586 1372 1676 α’νδρωνίτιδος
1395 1588 1461 1676 ήδη

231 1701 392 1779 γενομένῳ
410 1687 485 1758 οἶόν
501 1688 532 1756 τ’
547 1681 587 1778 ήν
603 1694 708 1772 λίνοις
735 1691 803 1758 Ούκ
827 1691 950 1756 άλλασέ
965 1713 1025 1754 ποι
1043 1689 1062 1773 ἢ
1084 1696 1187 1758 ἔνθεν
1201 1702 1265 1774 μὲν
1281 1703 1460 1779 τραπέντι,

232 1809 279 1880 είς
302 1803 362 1886 τήν
384 1795 504 1884 αύλήν,
534 1803 674 1883 ἑτέρωσε
707 1801 759 1882 δέ,
791 1803 839 1874 εἰς
868 1797 928 1860 τὸν
951 1793 1095 1858 ὄπισθεν
1118 1801 1176 1878 τῆς
1200 1801 1309 1872 οἰκίας
1331 1806 1458 1885 χῶρον.

231 1905 347 1984 Εύθύς
376 1905 442 1989 γάρ
475 1901 554 1970 άπδ
576 1911 635 1988 τῆς
665 1901 859 1990 ὀρσοθύρας
890 1897 1078 1977 καταβάντι
1108 1901 1278 1976 στενωπὸς
1316 1893 1373 1987 ἦν,
1415 1901 1456 1977 ὂς

232 2016 334 2102 λαύρή
365 2011 432 2079 ύπδ
464 2015 525 2076 τοῦ
554 2014 699 2097 ποιητοῦ
728 2011 923 2096 κέκληταιί).
958 1999 1038 2090 Ἥγε
1065 2005 1130 2092 μὴν
1152 2007 1258 2092 λαύρα
1291 2003 1361 2072 άπὸ
1392 2013 1455 2092 τῆς

231 2127 345 2208 έτέρας
367 2124 435 2184 τῶν
469 2120 529 2194 έξω
560 2120 688 2200 γωνιῶν
717 2123 775 2202 τῆς
800 2117 907 2190 οἰκίας
928 2113 973 2188 είς
996 2114 1056 2200 τήν
1086 2121 1203 2196 έτέραυ
1234 2114 1322 2178 κατὰ
1346 2121 1457 2200 μῆκος

234 2231 398 2316 διήκουσα
423 2229 479 2290 καί
502 2227 536 2289 ἐκ
559 2231 621 2290 τοῦ
643 2233 756 2310 ἑτέρου
772 2227 840 2287 τῶν
855 2224 917 2286 τοῦ
940 2220 1057 2306 ἕρκους
1079 2227 1200 2303 τοίχων
1217 2223 1350 2285 καὶτοῦ
1366 2223 1456 2305 πρὸς

234 2336 273 2402 τὸ
298 2337 395 2400 ἔνδον
418 2336 672 2417 παρακειμένου
704 2326 798 2412 αύτῷ
827 2335 943 2410 τοίχου
974 2333 1031 2412 τῆς
1063 2329 1169 2404 οἰκίας
1201 2324 1460 2409 άποτελονμένη

236 2443 296 2508 δύο
322 2439 457 2515 ἐξόδους
480 2432 558 2518 εἶχε,
581 2435 640 2520 τήν
663 2439 726 2513 μὲν
749 2440 797 2510 είς
819 2458 878 2520 τήν
902 2431 1017 2518 αύλήν,
1041 2433 1102 2518 τήν
1126 2431 1160 2496 δ’
1182 2439 1303 2519 ἑτέραν
1326 2439 1373 2508 εἰς
1396 2433 1461 2497 τὸν

237 2545 387 2612 ὄπισθεν
409 2547 467 2626 τῆς
490 2546 598 2616 οἰκίας
620 2544 740 2626 χαῖρον,
756 2537 851 2606 ’ὅθεν
867 2542 1000 2615 είσοδος
1015 2544 1062 2616 εἰς
1077 2539 1120 2602 τά
1146 2533 1296 2604 ὄπισθεν
1319 2546 1458 2619 κείμενα

150 2724 153 2732 ,
237 2659 303 2720 τοῖν
334 2649 521 2732 οἰκημάτων
551 2638 637 2734 ήνθ).
683 2653 748 2713 Καὶ
779 2645 798 2735 ή
829 2654 893 2727 μέν
922 2649 971 2723 είς
1001 2648 1060 2734 τήν
1099 2643 1202 2730 αύλήν
1240 2651 1297 2731 τῆς
1327 2645 1460 2730 λαύρας

237 2763 352 2837 έξοδος
376 2762 511 2824 σανίσιν
537 2761 731 2843 ἐπέφρακτο
764 2759 820 2820 καί
850 2753 919 2820 ύπύ
952 2760 1015 2820 τοῦ
1044 2750 1202 2840 ύφορβού
1231 2753 1460 2836 ἐφυλάσσετο,

238 2868 284 2954 μή
307 2889 356 2941 τις
379 2867 414 2930 ἐκ
438 2869 495 2950 τής
519 2859 757 2949 άνδρωνέτιδος
789 2863 845 2928 διά
877 2869 935 2948 τῆς
967 2859 1164 2947 ὀρσοθύρας
1196 2859 1346 2934 ἐξελθών
1369 2860 1458 2924 κατὰ

239 2974 346 3040 νάιον
384 2980 457 3046 τοῖς
495 2974 572 3056 περὶ
611 2969 672 3035 τὸν
701 2965 863 3036 Ὀδυσσέα
894 2977 931 3034 έν
961 2973 1003 3058 τῇ
1041 2964 1126 3059 αύλή
1165 2958 1242 3032 υύσι
1279 2973 1408 3048 γένοιτο
1419 2972 1456 3050 ⁹).

181 3070 186 3080 ’
243 3084 431 3164 Τοιγαροῦν
453 3076 650 3152 κελεύοντος
669 3073 821 3160 Ἀγελάου
836 3077 991 3152 ἐξελθεῖν
1007 3097 1084 3139 τινα
1109 3073 1166 3138 διὰ
1182 3073 1239 3156 τής
1263 3070 1451 3158 δροοθύρας

240 3191 296 3252 καί
319 3187 357 3252 τδ
382 3185 516 3271 πλῆθος
539 3184 778 3268 παρακαλέσαι
801 3181 1004 3264 Μελάνθιύς
1029 3196 1132 3265 φησιν

455 3341 488 3400 ού
505 3363 561 3404 πως
580 3341 643 3408 ἔστ’,
662 3345 769 3414 Ἀγέλαε
787 3343 937 3412 διοτρεφές·
958 3337 1031 3412 άγγι
1049 3339 1105 3410 γὰρ
1126 3338 1207 3395 αἰνῶς

396 3434 400 3442 ’
453 3429 535 3501 αὐλῆς
554 3431 624 3488 καλά
645 3431 773 3508 θύρετρα,
795 3435 841 3486 καί
860 3426 997 3506 άργαλέον
1016 3426 1105 3499 στόμα
1123 3426 1231 3498 λαύρης·
1308 3439 1311 3446 ’

453 3524 499 3575 καί
515 3519 545 3594 χ’
564 3515 599 3582 τίς
617 3519 722 3582 πάντας
740 3517 830 3593 ἐρύκοι
849 3515 926 3594 άνήρ,
948 3519 975 3578 ὅς
989 3523 1012 3572 τ’
1030 3516 1145 3586 ἄλκιμος
1165 3520 1241 3582 εέηέθ.

246 3670 434 3747 Πεποίήται
459 3665 575 3727 δὲκαὶ
600 3662 620 3728 o‘
644 3659 762 3740 αόιδὸς
788 3663 917 3748 Φήμιος
950 3660 1046 3746 παρά
1069 3658 1129 3743 τήν
1153 3655 1352 3746 δρσοθύραν
1374 3658 1462 3734 μετά

246 3773 306 3838 τὸν
330 3771 439 3855 φόνον
461 3766 565 3843 ίστδς
588 3772 645 3833 καί
663 3771 902 3853 σκεπτόμενος,
927 3766 1095 3853 ὁπότερον
1109 3773 1253 3851 ποιήσαι
1270 3766 1350 3842 δέοι,
1374 3758 1463 3828 εύθδ

245 3884 292 3953 είς
316 3877 375 3964 τήν
398 3875 515 3962 θύραν
537 3878 687 3960 χωρῆσαι
717 3880 775 3940 καί
794 3873 950 3941 Ὀδυσσεῖ
976 3874 1062 3961 πρὸς
1093 3873 1136 3938 τά
1159 3873 1287 3956 γόνατα
1310 3889 1463 3955 προσπε-

337 4106 365 4178 1)
383 4116 448 4181 πρε.
468 4102 511 4162 ἐκ
533 4109 566 4161 υ.
587 4111 619 4160 15
667 4105 719 4159 ὀα
740 4110 770 4157 Ρ.
791 4111 834 4160 30.
856 4109 917 4159 333.
941 4110 971 4161 Y.
994 4107 1054 4159 ωε.
1077 4109 1113 4157 Φ.
1128 4109 1172 4157 43.
1228 4104 1257 4168 ε)
1275 4095 1324 4154 ὀα
1344 4094 1379 4154 Ἀ.
1401 4106 1461 4155 104.

248 4197 282 4246 ιι.
305 4197 363 4245 130.
430 4198 458 4260 3)
479 4196 522 4248 τι.
542 4201 564 4252 1.
585 4199 646 4248 τοι,
683 4188 733 4246 ἀα
760 4197 791 4246 Δ.
812 4199 873 4249 718.
941 4195 969 4261 4)
986 4190 1037 4248 ὀε
1057 4199 1094 4246 x.
1116 4195 1248 4245 εον-41.
1318 4193 1345 4256 ε)
1364 4185 1459 4243 ειόε.

246 4286 284 4334 Χ.
304 4279 358 4332 σελ.
381 4283 459 4342 1921,
481 4285 525 4336 18.
594 4285 621 4350 3)
641 4281 739 4336 Πολυδ.
761 4283 840 4352 δνομ.
865 4285 889 4346 1,
913 4285 955 4336 76.
1030 4281 1058 4352 7)
1079 4283 1138 4334 138.
1208 4279 1461 4346 8)Soh01.Ambr.

248 4370 291 4422 ed.
311 4369 458 4418 Buttmann
476 4367 507 4418 ει
524 4367 577 4420 οε.
596 4375 633 4420 x.
656 4375 717 4424 130.
738 4369 793 4425 σει.
815 4374 875 4423 οιι.
932 4373 960 4443 3)
980 4373 1110 4424 133-30.
1167 4367 1210 4436 10)
1231 4369 1363 4422 133-33.
