3114 4810
727 223 767 286 21

129 396 252 466 αύτιόν
283 399 426 481 ἐλέγετο.
472 397 612 462 Ἔπειτα
644 400 680 462 δὲ
708 398 875 482 τοσαύτης
911 394 1116 482 εύρυχωρίας
1145 399 1181 462 έν
1209 399 1251 489 τῇ
1280 392 1364 488 aiij

128 507 360 593 ὑπαρχούσης
382 506 609 572 παντάπασιν
626 501 775 568 ἄπιστον
791 507 887 568 δοκεῖ
903 505 968 577 ἔξω
984 505 1074 568 κατά
1097 504 1159 589 την
1181 500 1260 569 όδὸν
1275 499 1361 570 αύττί

129 614 367 678 καταλείπειν.
404 611 524 676 Ἔνδον
548 609 616 697 όὶρα
639 617 675 675 ἐν
697 617 737 701 τῇ
760 606 843 701 αὐλῇ
857 610 901 675 τά
918 609 1049 674 ἐνώπια
1064 599 1113 696 ἢν.
1149 610 1287 676 Λοιπόν
1301 607 1362 694 ἤδη

132 723 250 786 εἰπεῖν
280 723 335 784 καί
365 715 455 784 ὅπου
484 722 543 803 τῆς
574 715 675 803 αὐλῆς
705 713 847 803 ύπῆρχε.
895 720 988 802 Φημί
1016 724 1132 780 τοίνυν
1160 718 1290 782 ἐνώπια
1318 715 1363 780 τὰ

133 817 347 912 ἑκατέρωθεν
370 829 428 911 τῆς
442 825 555 908 θύρας
571 829 627 909 τῆς
642 820 880 910 α’νδρωνίτιδος
896 823 1027 906 πλάγια
1049 829 1110 886 τοῦ
1132 828 1248 904 τοίχου
1271 829 1364 907 με’ρη,

134 932 160 998 οἳ
184 935 232 1010 εἰς
262 932 321 1018 τὴν
351 929 458 1018 αύλὴν
488 931 614 1013 βλέπει.
667 932 779 1015 Δῆλον
808 933 844 996 δὲ
872 936 970 994 τούτο
1001 935 1145 1013 γίγνεται
1173 930 1209 994 έκ
1239 929 1363 992 τῶνδε·

131 1042 268 1122 λέγεται
290 1041 352 1125 γὰρ
370 1036 535 1104 Ὀδυσσέα
558 1037 626 1122 πρό
658 1044 716 1124 τῆς
746 1036 858 1123 θύρας
887 1041 945 1128 τῆς
969 1031 1208 1121 άνδρωνίτιδος
1230 1037 1362 1102 έστώτα

139 1151 200 1211 καί
224 1155 295 1220 τοῖς
317 1144 385 1212 ύπό
406 1145 603 1230 Τηλεμάχου
627 1151 847 1225 κομισθεῖσιν
867 1141 989 1219 ’ὅπλοις
1011 1142 1264 1217 ἐξοπλίσασθαι
1286 1147 1363 1223 βον-

136 1253 282 1334 λόμενον
297 1255 434 1338 πρώτον
448 1258 511 1330 μέν
526 1253 639 1316 κλίναι
653 1251 692 1315 τὸ
708 1251 810 1324 τόξον
824 1249 911 1336 πρὸς
925 1251 986 1314 τόν
1000 1254 1059 1334 τῆς·
1070 1248 1179 1335 θύρας
1192 1247 1363 1328 σταθμόν,

135 1360 248 1444 πρὸς
270 1359 436 1424 ἐνώπια
460 1357 815 1440 παμφανόωντα,
839 1351 913 1420 εἶτα
937 1357 971 1420 δέ
992 1356 1053 1441 τὴν
1070 1350 1150 1441 δίκην
1164 1355 1363 1420 πανοπλίαν

136 1464 341 1547 ἀναλαβεῖν.
380 1462 453 1530 Ἀλλ’
469 1463 610 1546 ἄμεινόν
631 1485 691 1543 μοι
715 1465 806 1528 δοκεῖ
826 1459 971 1526 αὐτὰτὰ
996 1463 1059 1547 έπη
1075 1465 1229 1526 ἐνταῦθα
1252 1485 1363 1548 παρα»

137 1579 258 1637 θεῖναι

353 1692 440 1768 αύτόρ
458 1697 514 1750 ἐπεί
531 1696 609 1748 λίπον
627 1697 662 1748 tot
678 1691 834 1748 όιστιύοντα
852 1690 971 1756 ἄνακτα,

351 1782 428 1846 τόξον
446 1785 501 1853 μέν
518 1783 587 1854 πρὸς
605 1782 736 1856 σταθμόν
753 1783 903 1840 ἐυσταθέος
921 1781 1056 1855 μεγάροιο
1119 1769 1122 1776 ‚

353 1866 435 1927 ἔκλιν’
454 1869 612 1943 ἑστάμεναι,
633 1871 700 1946 πρὸς
718 1871 820 1925 ἐνώπια
838 1869 1063 1943 παμφανόωντα,

351 1956 432 2020 αὐτὸς
450 1962 476 2015 δ’
494 1957 568 2034 ἄμφ’
587 1959 688 2034 ὤμοισι
705 1957 789 2018 σάκος
807 1965 874 2026 θέτο
891 1962 1115 2033 τετραθέλυμνον
1125 1961 1154 2028 ¹).

224 2064 300 2132 Ἀλλ’
332 2066 387 2132 ότι
417 2073 477 2148 μὲν
507 2068 551 2130 τὰ
581 2066 712 2130 ένώπια
743 2060 801 2128 ούκ
832 2055 872 2148 ἢν
902 2066 993 2140 ἐκτός
1022 2070 1079 2150 τῆς
1111 2061 1220 2151 αὐλῇς,
1258 2086 1362 2146 φανε-

140 2174 201 2260 ρὸν
231 2181 267 2236 ἐκ
298 2180 368 2264 τῶν
399 2175 592 2258 εἰρημένων,
624 2172 719 2234 είποι
750 2195 800 2244 τις
830 2163 872 2233 όν
902 2171 999 2248 ἰ’σως·
1038 2167 1091 2235 ότι
1122 2173 1158 2234 δὲ
1189 2173 1247 2232 καὶ
1277 2169 1364 2255 πρὸς

142 2279 185 2342 τό
209 2280 271 2352 ἔξω
296 2283 352 2362 τῆς
374 2277 486 2363 θύρας
508 2281 566 2363 τῆς
590 2273 827 2364 άνδρωνίτιδος
848 2280 957 2341 ταῦτα
980 2273 1125 2367 ὑπῆρχε,
1139 2280 1243 2340 τούτο
1268 2272 1363 2339 ούπιο

141 2386 324 2450 δέδεικται·
350 2381 390 2449 ού
412 2386 473 2470 γάρ
497 2389 601 2468 σαφές
624 2387 674 2448 ἔτι
691 2381 886 2470 όποτέρωθι
901 2388 959 2468 τῆς
974 2383 1194 2468 παραστάδας
1209 2383 1247 2448 τό
1265 2382 1363 2457 τόξον

137 2491 302 2573 κέκλιται,
333 2492 420 2576 πρὸς
449 2491 486 2554 τά
521 2492 619 2556 ένδον
649 2487 669 2576 ἢ
700 2491 786 2578 πρός
816 2495 860 2554 τοί
893 2491 972 2565 έξω·
1005 2487 1092 2554 όίστε
1121 2486 1139 2576 ἦ
1163 2489 1272 2573 γνώμη
1296 2496 1363 2554 τών

137 2602 304 2662 τιθέντων
328 2594 417 2662 αότά
450 2599 544 2674 ἐντός
573 2603 631 2682 τῆς
661 2598 776 2683 ἑτέρας
806 2601 874 2660 τῶν
905 2597 1050 2663 εἰσόδων
1080 2594 1210 2684 α’ληθης
1235 2594 1278 2660 όν
1301 2596 1361 2684 τίη.

140 2710 259 2768 Ταῦτα
284 2709 345 2784 μέν
375 2703 458 2786 τύχα
484 2701 527 2768 ι’ίν
549 2727 599 2778 τις
623 2703 731 2768 ε’ίποι·
764 2699 804 2768 ού
824 2704 977 2784 χαλεπόν
1006 2698 1096 2786 ὅμως
1127 2691 1250 2786 έμοιγε
1270 2706 1364 2766 δοκεῖ

140 2809 438 2890 έπιδεῑξαι,ὁ’πως
461 2834 495 2890 γε
521 2807 603 2878 αὐτό
628 2811 666 2874 τὸ
690 2814 830 2896 πρᾶγμα
853 2811 932 2892 έχει.
984 2805 1074 2874 Ἐπεὶ
1096 2810 1158 2896 γάρ
1187 2806 1363 2910 Ὀδησσεύς

140 2919 200 2978 τοῦ
224 2917 355 2980 σκοποῦ
377 2917 412 2979 έν
434 2921 482 2998 τῷ
503 2915 639 3006 μεγάρῳ
663 2918 757 2998 ίτνχε
780 2920 836 2980 καὶ
859 2917 947 2997 μετὰ
969 2921 1069 2981 τοῦτο
1085 2919 1177 2998 ’έχων
1199 2915 1238 2982 τὸ
1262 2918 1363 2992 τόξον

138 3021 194 3085 ἐπί
218 3021 280 3106 τὴν
305 3021 410 3104 φλιάν
433 3003 609 3108 ἐπήδησεν,
642 3018 778 3086 ὁπόθεν
800 3021 878 3099 τοὺς
900 3029 1091 3110 μνηστῆρας
1121 3023 1362 3099 κατατοξεύειν

137 3111 312 3212 ἦρξατοέ),
341 3127 375 3191 εί
394 3151 445 3204 τις
466 3129 553 3208 μετά
578 3133 679 3193 τούτο
704 3136 829 3215 ἐρωτᾶν
851 3129 1023 3212 βούλοιτο,
1053 3132 1202 3217 πότερον
1234 3129 1276 3194 ἂν
1307 3153 1361 3194 πι-

140 3233 424 3320 στότερονδοκοίη
434 3235 567 3322 πρδςτὸ
584 3237 680 3301 ένδον
693 3239 751 3321 τῆς
767 3236 865 3320 φλιᾶς
877 3243 914 3301 ἐν
930 3240 977 3319 τῳ
994 3241 1103 3322 στενηῖ
1115 3241 1169 3301 καί
1179 3233 1361 3320 ἀφυλάκτῳ

140 3344 199 3401 τοῦ
221 3341 402 3426 προθύρου
424 3343 522 3429 χώρῳ
546 3341 651 3430 ψιλόν
675 3337 758 3408 όντα
782 3339 887 3408 αύτὸν
906 3343 1078 3408 ἵστασθαι
1101 3341 1121 3430 ἠ’
1144 3347 1229 3430 πρὸς
1244 3343 1282 3408 τό
1299 3345 1361 3417 ’ἐξω

139 3447 379 3530 στηριζόμενόν
401 3472 435 3530 γε
457 3452 508 3533 τῷ
529 3451 628 3538 ἑτέρῳ
651 3452 733 3514 ποδὶ
755 3447 804 3514 ἐπ’
821 3447 921 3536 αὐτῆς
936 3457 1003 3532 καί,
1028 3447 1133 3516 ὁπότε
1157 3453 1240 3534 δέοι,
1265 3449 1360 3514 δυνά-

135 3575 242 3632 μενον
263 3553 307 3638 μὴ
331 3555 437 3636 μόνον
468 3553 646 3632 α’κωλύτως
668 3561 853 3638 κινεῖσθαι,
882 3553 969 3622 άλλά
1001 3564 1058 3624 καὶ
1088 3558 1208 3646 μικρόν
1238 3579 1360 3637 παρεκ-
1446 3575 1448 3580 ·

121 3659 296 3756 1κλίνοντα
313 3665 359 3742 τῳ
384 3663 513 3734 ἔξωθεν
534 3668 636 3747 τοίχῳ
659 3663 781 3727 έαυτδν
811 3670 847 3728 ἐν
875 3661 1026 3748 οἷσφαλεί
1055 3677 1207 3743 σκέπειν;
1231 3659 1361 3740 Ἔμοιγε

136 3765 274 3841 πάντως
289 3766 328 3830 τό
354 3768 509 3856 δεύτερον
524 3771 726 3857 πιστότερον
743 3772 845 3835 δοκεῖ.
877 3772 921 3835 El
937 3774 972 3836 δέ
996 3779 1097 3837 τοῦτο
1116 3769 1251 3857 άληθές,
1273 3767 1362 3845 είκὸς

138 3877 189 3937 καί
219 3873 262 3938 τὰ
294 3873 437 3958 ένώπια,
467 3875 555 3961 πρὸς
578 3873 597 3940 ἃ
621 3873 640 3940 ό
665 3873 838 3951 Ὀδυσσεὺς
861 3878 899 3943 τό
931 3879 1032 3953 τόξον
1063 3878 1170 3942 έκλινε
1200 3876 1287 3960 πρὸς
1317 3876 1360 3940 τά

140 3979 198 4051 ίξω
221 3980 351 4062 πλάγια
374 3984 433 4067 τῆς
456 3983 566 4069 θύρας
589 3979 679 4048 εἶναι
703 3986 828 4070 καὶμὴ
859 3985 946 4072 πρὸς
973 3984 1017 4048 τὰ
1040 3984 1144 4048 ένδον.
1187 3978 1281 4048 'Am
1305 3987 1362 4048 καί

137 4087 235 4170 χωρίς
256 4086 378 4152 τούτου
409 4088 505 4176 εἰπερ
535 4091 579 4154 τὰ
611 4090 740 4154 ἐνώπια
769 4093 868 4156 ἔνδον
896 4097 964 4155 τοῖν
994 4095 1111 4176 θορών
1140 4081 1190 4174 ἦν,
1222 4093 1295 4165 πώς
1318 4085 1362 4153 όέν

138 4189 255 4254 ἔπειτα
280 4188 353 4259 οἷόν
383 4192 409 4258 τ’
432 4187 471 4280 ἦν
493 4196 535 4259 τά
562 4191 699 4282 ἅρματα
723 4199 808 4282 πρὸς
832 4194 920 4262 αὐτοὶ
945 4197 1079 4280 κλίνειν,
1103 4193 1191 4262 ὅπου
1213 4203 1362 4280 κείμενα,

230 4357 255 4417 ι)
272 4351 323 4408 ὀε
345 4361 382 4412 x.
405 4362 455 4411 119
475 4358 521 4409 τοι
540 4355 606 4422 ἑξῆς.
682 4359 710 4422 τ)
724 4356 778 4410 ὀε
799 4363 836 4410 x.
858 4363 873 4410 2
894 4346 940 4410 τοι
958 4358 1026 4424 τεῆς.
