3114 4810
687 235 729 298 29

93 414 307 500 εἰργάζοντο,
339 405 380 486 ἃς
403 406 421 474 ὁ
442 406 620 483 Ὀδυσσεύς
651 407 718 494 πρό
750 413 808 493 τῆς
841 403 978 472 αύλείου
1001 408 1114 496 θύρας
1136 408 1321 490 ίστάμενος
1403 395 1404 400 ¹

94 522 219 607 ῥηιδίως
242 517 448 583 θεάσασθαι
471 514 615 602 η’δύνατο
626 519 665 599 ¹).
707 511 758 578 Ἐκ
782 516 851 580 τοῖν
865 519 1047 600 εἰρημένων
1069 520 1184 582 τοίνυν
1208 513 1321 598 άσφα-

93 629 162 703 λοῖς
194 623 238 690 άν
267 649 335 706 τις,
374 619 487 704 οἶμαι,
524 621 746 707 τεκμήραιτο,
785 617 840 686 ότι
871 623 901 686 εἰ
930 621 975 707 μη
1006 627 1044 684 δυ
1073 621 1206 698 πάσαις
1244 630 1321 698 ταῖς

96 730 237 813 αὐλαῖς,
275 728 362 795 άλλά
392 753 426 814 γε
456 736 494 794 ἐν
523 737 599 806 ταῖς
636 732 704 794 τοῖν
733 727 897 810 μειζόνων
927 725 1143 814 άνακτόρων,
1182 723 1239 793 οἶα
1275 729 1319 794 τά
1387 739 1389 744 ’

98 839 259 923 Πριάμου
289 842 346 902 καί
366 833 512 902 Ἀλκίνου
543 839 600 900 καί
620 831 820 916 Ὀδυσσέως,
850 835 886 898 έν
918 829 967 910 οἷς
990 839 1047 900 καί
1070 834 1114 900 τά
1137 835 1320 922 Μενελάου

98 950 154 1010 καί
177 951 348 1030 Νέστορος
379 943 518 1018 εἰκότως
549 938 592 1006 ἄν
623 967 674 1016 τις
696 941 1012 1028 καταριθμήσαιτο,
1041 939 1082 1006 ού
1104 942 1212 1021 μόνον
1235 942 1321 1026 πρός

97 1062 172 1129 τοῖς
194 1057 321 1134 τοίχοις
343 1054 402 1136 της
425 1045 563 1114 αύλείου
586 1049 700 1133 θύρας
730 1053 871 1114 καὶτοῦ
903 1048 1013 1131 οίίιον,
1045 1046 1131 1114 άλλά
1157 1048 1321 1133 καὶπρὸς

94 1169 168 1236 τοῖς
200 1159 351 1241 πλαγίοις
382 1153 500 1232 αύτοῖς
530 1156 697 1221 αἰθουσαι
732 1153 894 1240 ύπῆρχον.
940 1155 1084 1229 Πάντας
1120 1155 1183 1238 γάρ
1223 1149 1321 1236 οἶμαι

95 1271 194 1330 τούτο
218 1265 424 1349 γιγνώσκειν,
448 1259 501 1328 ότι
525 1263 561 1326 αἰ
586 1263 754 1326 αἰθουσαι
783 1262 870 1346 πρός
893 1270 967 1338 τοῖς
988 1267 1115 1342 τοίχοις
1137 1265 1195 1346 της
1219 1257 1322 1345 αύλῆς

97 1361 187 1457 ἦσαν
218 1369 491 1457 ηδκοδομημέναι,
528 1369 587 1432 ἵνα
617 1373 740 1453 θέρους
774 1373 838 1448 μέν
869 1367 969 1432 σκιάν
991 1377 1062 1444 τοῖς
1084 1364 1321 1450 ὑποκειμένοις

95 1479 258 1564 οἰκήμασι
290 1482 488 1562 παρέχοιεν,
523 1477 584 1538 τοῦ
616 1476 652 1538 δέ
682 1476 863 1556 χειμῶνος,
892 1471 1012 1548 ύοντος
1042 1479 1103 1538 τοῦ
1124 1478 1228 1556 θεοῦ,
1258 1475 1322 1550 τὰς

94 1586 252 1659 εἰσόδους
277 1582 346 1648 άπδ
370 1587 431 1647 τού
462 1581 589 1656 ὕδατος
621 1589 778 1646 σκέποιευ
807 1584 863 1644 καί
895 1581 1016 1666 ῥᾳδίως
1047 1577 1134 1646 αὐτὰ
1165 1578 1321 1666 άλλήλοις
1374 1653 1376 1657 Α

94 1699 270 1755 κοινωνεῖν
293 1699 437 1754 ποιοῖεν.
476 1689 582 1772 Εἰπερ
608 1677 667 1750 σύν
690 1690 726 1750 αί
749 1687 917 1752 αἰθουσαι
947 1690 1091 1754 τοιαῦτα
1122 1685 1320 1772 άλεξητηρια

92 1785 194 1880 ἦσαν,
218 1802 291 1870 παῖς
314 1792 355 1860 ού
377 1797 438 1880 χρη
461 1795 608 1876 νομίζειν
632 1793 800 1877 καὶπρὸς
825 1801 897 1868 τοῖς
921 1793 1076 1876 πλαγίοις
1098 1796 1166 1858 τῶν
1189 1800 1322 1875 τοίχων,

91 1903 130 1965 οῖ’
149 1903 331 1976 τοσούτους
354 1901 537 1982 θαλάμους
559 1895 660 1982 εἶχον,
684 1899 855 1974 αἰθούσας
879 1895 1140 1984 ηδκοδομῆσθαις
1168 1903 1233 1966 Καί
1254 1899 1320 1984 μην

90 2005 111 2092 ἡ
143 2005 225 2092 αὕτη
258 2007 329 2073 α’πό
367 2014 436 2072 τοῖν
475 2005 572 2093 εῖριῖν
611 2003 735 2089 ἀνάγκη
772 2009 884 2070 ἐποίει
921 2005 966 2090 μὴ
1004 2006 1119 2086 μόνον,
1148 2006 1228 2080 τούς
1262 2009 1320 2072 ἐπί

85 2111 229 2200 Ὁμήρου
254 2111 475 2199 ἀνθρώπους,
509 2108 595 2176 άλλοὶ
627 2114 682 2174 καί
714 2109 792 2185 τούς
816 2110 935 2194 πολληῖ
957 2106 1101 2198 ὕστερον
1122 2118 1320 2194 γενομένους

88 2227 239 2284 τοιαῦτα
263 2221 350 2303 πρὸς
372 2219 411 2282 τό
434 2215 564 2298 α’μύναι
580 2214 726 2302 ὄμβρους
749 2221 807 2281 καί
829 2217 987 2296 καύματα
1010 2217 1078 2303 πρδ
1096 2225 1163 2283 τοῖν
1181 2218 1318 2304 οἰκημά-

90 2349 162 2388 των
184 2328 416 2412 μηχανᾶσθαι,
442 2320 526 2389 ύύστε
550 2324 611 2409 τὴν
633 2325 668 2388 έν
691 2321 804 2398 αύτοῖς
827 2325 965 2387 δίαιταν
986 2322 1031 2407 μη
1054 2323 1147 2388 πάνυ
1170 2325 1319 2410 χαλεπὴν

88 2426 193 2497 εἶναι.
238 2427 291 2505 Ἐξ
320 2421 366 2494 ὦν
395 2431 457 2517 γάρ
488 2429 691 2518 Βιτρούβιος
723 2425 742 2494 o‘
774 2427 979 2513 άρχιτέκτων
1011 2433 1090 2515 περί
1127 2436 1195 2495 ταῖν
1232 2429 1320 2511 μετά

87 2541 203 2600 ταῦτα
236 2541 352 2600 οἰκιῶν
389 2537 534 2623 εἴρηκεν,
573 2525 609 2600 εὖ
640 2535 757 2619 ῖσμεν,
797 2535 852 2601 ὅτι
882 2541 918 2600 έν
955 2545 1031 2612 ταῖς
1070 2533 1191 2613 αύλαῐς
1229 2545 1320 2622 τρεῖς

85 2643 259 2706 αἴθουσαί
290 2639 461 2730 ὑπῆρχον,
502 2633 547 2706 οἷν
577 2647 641 2724 μία
664 2649 727 2725 μέν
762 2644 849 2729 πρὸς
880 2645 930 2727 τῷ
959 2647 1060 2726 τοίχῳ
1091 2649 1149 2728 τῆς
1179 2637 1318 2708 αύλείον

85 2754 220 2835 θύρας,
259 2749 295 2813 αί
327 2750 363 2813 δέ
394 2750 455 2814 δύο
488 2747 589 2814 άλλαι
619 2750 707 2834 πρὸς
737 2752 878 2836 ἑκατέρῳ
908 2753 977 2813 τοῖν
1007 2751 1158 2832 πλαγίων
1186 2755 1316 2832 τοίχων.

92 2855 180 2940 ἰίρὸς
199 2855 239 2920 ’δέ
263 2859 313 2939 τῷ
335 2860 435 2938 τοίχῳ
452 2861 512 2920 τοῦ
536 2857 629 2921 οἰκον
646 2857 798 2921 αἴθουσα
821 2853 881 2921 οδκ
898 2847 947 2942 ἦν,
971 2857 1132 2921 διότικαὶ
1150 2858 1316 2942 οἰκήματα

89 2967 139 3036 εἰς
160 2961 219 3047 τη“ν
244 2957 349 3046 αὐλὴν
378 2963 551 3044 βλέποντα
574 2965 729 3029 ἐνταῦθα
754 2961 815 3046 ούχ
837 2960 982 3050 ὑπῆρχε,
1011 2967 1071 3028 τοῦ
1095 2987 1132 3028 τε
1155 2966 1316 3044 θαλάμου

89 3071 147 3130 καὶ
179 3064 434 3151 άμφιθαλάμου
465 3071 671 3154 καλουμένου
710 3072 805 3146 ἐντός
842 3075 901 3157 τῆς
942 3071 1118 3145 παστάδος
1157 3079 1316 3152 κειμένων

92 3177 150 3235 καὶ
181 3171 340 3256 οὐδεμιᾶς
372 3178 540 3264 αἰθούσης
571 3179 626 3242 διὰ
658 3179 756 3242 τούτο
788 3179 955 3258 δεομένων
967 3181 1005 3262 2).
1053 3173 1102 3243 Οὐ
1131 3178 1196 3262 μὴν
1227 3171 1315 3242 άλλά

91 3281 154 3341 καί
178 3281 208 3343 οί
231 3285 290 3347 νῦν
312 3285 363 3347 δτι
393 3283 455 3359 τοὶς
483 3285 594 3370 χώρας
624 3291 753 3359 ἐκείνας
777 3289 948 3360 οἰκοῦντες
971 3282 1011 3349 ού
1034 3284 1141 3364 μόνον
1163 3286 1225 3358 τάς
1248 3290 1316 3350 ταῖν

89 3387 213 3448 οἰκίων
235 3383 337 3463 αὐλάς
360 3393 413 3452 καί
436 3389 514 3466 τούς
536 3392 604 3454 τοῖν
627 3397 720 3456 υαιῖν
736 3391 942 3478 περιβόλους
958 3389 1212 3476 παραπλησίαις
1227 3392 1315 3476 πρὸς

85 3491 128 3555 τό
163 3492 263 3557 ένδον
292 3505 410 3572 στοαῖς
441 3497 636 3576 οἰκοδομεῖν
666 3498 851 3579 εἰάθασιν,
883 3495 969 3561 άλλά
1001 3501 1059 3560 καί
1098 3495 1198 3572 όδούς
1237 3497 1314 3574 ὅλας

85 3599 178 3662 κατά
209 3597 270 3685 την
300 3599 429 3686 άγοράν
459 3600 596 3667 άνωθεν
626 3605 922 3687 καταστεγάζουσι.
971 3607 1036 3668 Καί
1054 3590 1134 3668 ’τῶν
1163 3611 1224 3685 μέν
1248 3606 1312 3670 πό·

85 3705 183 3786 λεωυ,
207 3712 243 3770 έν
268 3701 321 3782 αἶς
344 3707 404 3772 τὸν
427 3709 557 3794 τρόπον
578 3716 699 3774 τούτου
721 3711 778 3785 τὰς
808 3715 876 3774 τῶν
899 3713 1013 3775 οἰκιῶν
1042 3710 1149 3786 αύλάς
1173 3714 1229 3774 καί
1251 3717 1312 3775 νύν

87 3811 136 3873 έτι
161 3813 379 3894 οἰκοδομοῦσι
402 3819 460 3898 τῆς
483 3817 593 3880 πάλαι
615 3821 699 3900 ποτέ
723 3815 899 3901 καλλίστης
921 3825 987 3883 τῶν
1006 3813 1157 3882 Ἰωνικῶν
1179 3817 1313 3883 πόλεων

88 3918 235 4003 Σμύρνης
267 3925 457 4004 μέμνημαι·
495 3925 561 3986 τῶν
585 3924 620 3986 δέ
645 3919 795 4009 άρχαίων
815 3927 1052 4010 χριστιανικύν
1073 3929 1165 3989 ναῶν
1180 3921 1311 4011 άπόχρη

83 4088 299 4098 Q.—

177 4188 203 4254 1)
218 4179 285 4259 Ὅρα
304 4189 397 4241 Amnis
418 4188 554 4256 [Ηεαίτε],
572 4190 639 4242 Ιίῖεί
661 4190 788 4259 [Kayser]
809 4194 855 4246 καί
873 4195 994 4246 Βίὶτιίτετ
1018 4193 1049 4244 έν
1066 4185 1116 4246 Ὀδ.
1137 4197 1173 4251 Η.
1194 4196 1245 4248 103
1264 4193 1311 4246 καί

81 4273 150 4340 Ibis·
227 4277 479 4344 κ)1)εαοιιίτ.6,
500 4273 575 4344 10,ἧ
598 4277 654 4333 σελ.
677 4283 727 4334 149
754 4283 890 4336 εδ.1ῖοεε
915 4289 941 4335 et
965 4282 1220 4350 Miiller-Striibing.
1244 4289 1308 4353 πρβ.

81 4366 129 4416 καί
148 4365 224 4418 Guhl
243 4383 271 4418 u.
293 4369 414 4433 Κοίντιον,
433 4367 481 4420 das
500 4369 594 4420 Leben
614 4369 662 4422 der
680 4368 729 4424 Gr.
749 4386 777 4422 u.
796 4373 841 4437 R„
861 4370 916 4424 σελ.
938 4372 981 4424 89.
