3114 4810
811 257 898 322 36'

223 433 334 520 θύρᾳ,
366 436 453 498 ἔνθα
474 432 517 509 ,οί
548 425 725 512 μέλλοντες
755 435 822 495 τῶν
853 431 1051 518 μνηστήρων
1088 431 1226 513 βάλλειν
1255 432 1397 498 ἵσταντο
1411 442 1450 516 ¹),

224 541 368 622 ἔβαλλον
392 535 436 604 άυ
456 538 603 620 εἰκότως,
627 539 722 624 είπερ
738 543 860 602 τείνειν
882 538 921 602 τό
947 537 1049 611 τόξον
1072 534 1250 622 ήδύναντο,
1277 537 1335 604 οδκ
1359 538 1448 606 εύθύ

212 651 282 712 ’ἐπὶ
312 647 374 722 τάς
406 647 575 731 τραπέζας
606 646 771 726 (κίνδυνος
803 645 869 730 γάρ
890 639 933 708 δίν
955 633 995 727 ήν
1018 653 1090 720 τοῖς
1116 651 1450 732 παρακαθημένοις),

225 751 311 819 άλλδ
337 748 425 837 παρ)
450 748 559 828 αύτάς
581 776 614 834 γε
639 746 748 837 δήπου
763 751 900 825 ταύτας.
947 751 988 814 Δί
1005 752 1171 837 τράπεζαι
1196 749 1264 838 άρα
1280 753 1363 832 μετὰ
1379 758 1450 819 τῶν

211 863 329 946 ’δδρῶν
355 856 393 924 ού
416 859 501 922 κατά
516 857 564 922 ’τὸ
598 857 746 938 πλάτος,
779 852 865 921 άλλὰ
889 858 978 921 κατὰ
1006 858 1043 921 τὸ
1067 863 1171 942 μήκος
1194 864 1249 922 καί
1274 862 1448 948 παραλλή-

223 968 305 1048 λως,
330 964 375 1042 ῶς
398 970 524 1046 εἰπεῖν,
547 970 589 1056 τή
616 968 677 1028 τού
704 963 825 1044 βέλους
849 969 942 1052 φορᾷ
966 969 1160 1045 τεθειμέναι
1182 958 1278 1050 ήσαν.
1327 974 1448 1048 Τοιγα-

225 1077 306 1158 ρούν
326 1071 503 1146 Ὀδυσσεύς
526 1070 620 1145 ἐντὸς
651 1071 745 1154 παρά
779 1074 820 1162 τή
843 1069 935 1157 θύρη
959 1056 1169 1157 καθήμενος,
1199 1073 1311 1158 ἐπειδή
1345 1071 1450 1151 αύτὸς

224 1181 262 1244 τδ
286 1179 387 1254 τόξον
410 1181 519 1259 ἔτεινε,
542 1175 661 1258 βάλλει
685 1173 836 1241 αύτόθεν
860 1183 907 1252 είς
933 1179 992 1242 τὸν
1016 1179 1171 1242 ἐναντίον
1193 1187 1347 1260 κείμενον
1371 1202 1449 1246 σκο-

226 1287 341 1366 πόνί).
384 1281 433 1349 Ἐκ
465 1290 531 1349 τῶν
563 1284 745 1369 εἰρημένων
776 1293 890 1348 τοίνυν
920 1291 1063 1366 γίγνεται
1095 1309 1246 1369 φανερον
1277 1281 1348 1370 ὅτι,
1379 1293 1450 1352 τῶν

223 1393 420 1478 μνηστήρων
453 1387 560 1456 όντων
582 1385 651 1483 ’μίν
681 1390 788 1454 είκοσι
818 1395 874 1454 καί
903 1391 1026 1464 ἑκατὸν
1055 1390 1094 1454 τὸ
1126 1392 1278 1477 πλήθος,
1311 1396 1387 1474 δίχα
1412 1397 1448 1460 δὲ

227 1499 470 1583 μεριζομένων,
502 1501 602 1561 ἔνθεν
634 1499 670 1561 δὲ
701 1501 757 1560 καὶ
789 1499 889 1561 ἐ’νθεν
920 1503 987 1562 τῶν
1019 1499 1195 1583 τραπεζῶν
1226 1507 1263 1564 ἐν
1285 1503 1333 1582 τῶ
1356 1509 1445 1587 μέσῳ

165 1635 167 1638 ·
226 1605 393 1670 καὶκατὰ
418 1605 456 1669 τὸ
480 1607 583 1689 μήνιος
613 1605 669 1668 ἐπὶ
701 1603 838 1688 θρόνων
869 1605 1119 1686 καθιζομίνων,
1143 1605 1182 1669 τό
1206 1611 1264 1691 τής
1288 1605 1444 1692 άνδρωνί-

224 1715 317 1788 τιδος
340 1711 445 1797 μήκός
476 1719 549 1775 ἐστι
580 1711 742 1795 καθάπερ
774 1705 897 1774 εύθεῖά
928 1735 979 1796 τις
1011 1716 1207 1777 συνεστῶσα
1240 1714 1276 1786 ἐξ
1307 1711 1450 1802 ἀνδρῶν,

228 1818 344 1904 ῶσπερ
384 1822 550 1901 σημείων,
590 1817 760 1902 ἐξήκοντα.
805 1814 880 1880 Ἐάν
911 1819 947 1880 δέ
978 1841 1028 1894 τις
1058 1824 1115 1883 νῦν
1154 1823 1212 1882 καὶ
1241 1820 1301 1884 τὸν
1336 1827 1449 1908 χῶρον

225 1931 375 2016 προσθῇ,
400 1920 436 1998 ὃς
458 1924 586 2004 μεταξύ
610 1926 679 1986 τῶν
710 1923 770 1988 δύο
802 1923 957 2007 περάτων
987 1929 1054 1988 τῶν
1086 1927 1259 2010 τραπεζῶν
1288 1931 1343 1990 καί
1371 1930 1447 1992 ἑκα·
1543 1929 1544 1952 ¹

225 2037 326 2117 τερον
349 2033 415 2095 τῶν
439 2036 559 2110 τοίχων
589 2039 662 2103 τοῖς
692 2053 729 2093 τε
762 2029 932 2106 διακόνοις
962 2033 1018 2094 καί
1050 2029 1215 2112 οἰνοχόοις
1244 2030 1447 2114 ύπολελειμ-

225 2144 323 2220 μένος
346 2127 393 2221 ήν,
417 2136 533 2220 πολλή
555 2138 671 2216 μεῖζον
693 2137 731 2200 τὸ
756 2134 836 2201 ὅλον
858 2140 962 2222 μῆκος
993 2135 1137 2224 εύρήσει.
1181 2141 1245 2202 Καὶ
1275 2145 1446 2202 τοσοῦτον

228 2249 290 2326 μὲν
313 2243 352 2308 τὸ
376 2243 569 2328 μήκος·’τδ
602 2245 637 2306 δὲ
668 2242 793 2308 λοιπὸν
823 2247 885 2308 τού
907 2249 1083 2326 μεγεθους,
1116 2245 1212 2308 τότε
1237 2243 1359 2319 πλάτος
1382 2249 1442 2306 καὶ

225 2353 264 2416 τὸ
289 2347 377 2440 ύψος
401 2353 498 2432 λε’γω,
531 2347 677 2436 α’κριβῶς
699 2346 987 2432 γνῶναιοδδεμία
1011 2351 1141 2436 μηχανή
1172 2359 1281 2432 ἐστιν,
1312 2345 1384 2412 ἀλλ’
1409 2356 1447 2410 ἐκ

225 2459 288 2522 τοῦ
310 2457 435 2542 μήκους
459 2454 502 2519 άν
525 2479 575 2529 τις
599 2458 677 2541 περὶ
709 2452 821 2520 αὐτῶν
852 2456 988 2532 εἰκάζοι.
1036 2463 1155 2522 Καίτοι
1184 2457 1224 2520 τό
1253 2481 1288 2539 γε
1319 2453 1451 2532 πλάτος

226 2561 338 2648 εύρεῑν
363 2560 405 2626 άν
429 2557 646 2647 ἠδυνάμεθα,
670 2561 765 2647 εἰπερ
788 2561 863 2636 ἑνὸς
885 2569 952 2649 τῶν
975 2561 1041 2628 ύπὸ
1066 2567 1106 2654 ’τῇ
1131 2563 1279 2654 αἰθοόση
1310 2565 1370 2626 τοῦ
1394 2561 1450 2625 δό·

226 2693 292 2752 μου
315 2668 481 2748 θαλάμων
504 2665 544 2732 τό
568 2660 665 2753 εὖρος
688 2663 920 2752 ήπιστάμεθα.

633 2845 763 2906 Διάθεσις
780 2847 825 2914 τῆς
844 2847 1045 2920 α’νδρωνίτιδος.

315 2992 381 3052 Καὶ
403 2988 469 3075 μήν
492 2997 565 3064 τοῖς
587 3014 620 3070 γε
645 2993 809 3075 περὶτοῦ
832 2990 956 3075 μήκους
981 2991 1165 3073 εἰρημένοις
1186 2989 1226 3052 τό
1248 3013 1284 3052 τε
1304 2990 1449 3067 μέγεθος
1543 3041 1544 3062 ,

228 3099 285 3159 καί
308 3097 368 3180 τήν
392 3095 602 3182 κατασκευήν
625 3101 682 3182 τής
707 3102 820 3179 στέγης
850 3097 974 3180 ῥᾳδίως
998 3090 1041 3157 άν
1066 3119 1115 3170 τις
1138 3095 1352 3179 τεκμήραιτο.
1396 3092 1443 3156 Τά

227 3203 288 3288 γάρ
329 3198 543 3288 ύπερμεγέθη
583 3206 650 3267 τῶν
688 3199 965 3287 οἰκοδομημάτων
1004 3196 1082 3263 κατ’
1121 3195 1265 3289 άνάγκην
1295 3204 1351 3262 καί
1387 3199 1451 3274 τάς

229 3288 345 3390 στέγας
368 3306 610 3393 ύπερμεγέθεις
634 3313 756 3391 ἔχοντα
779 3307 868 3384 ελκδς
891 3313 937 3383 είς
959 3305 1159 3393 στερεότητα
1177 3308 1235 3368 καὶ
1252 3300 1452 3386 άσφάλειαν

230 3415 561 3490 κατασκευάζεσθαι.
618 3415 747 3481 Τούτου
791 3406 851 3506 ούν
889 3416 985 3478 ἕνεκα
1024 3412 1246 3501 προσφόρους
1285 3412 1370 3498 πρὸς
1408 3412 1451 3476 τό

228 3524 365 3608 ἐρείδειν
389 3521 447 3608 τήν
472 3519 601 3609 ὀροφήν
623 3522 778 3608 μηχανάς
805 3519 1015 3607 άρχαιότατα
1034 3520 1065 3584 οἱ
1090 3516 1273 3602 ἄνθρωποι
1289 3521 1331 3610 τή
1352 3523 1451 3609 τέχνη

228 3631 445 3716 ἐπορίσαντο.
494 3627 624 3695 Ούκούν
647 3628 799 3710 μεγάλων
831 3629 955 3708 στεγῶν
985 3629 1170 3710 ἐρείσματα
1199 3631 1328 3710 μακραί
1353 3627 1452 3688 δοκοὶ

228 3741 284 3801 καὶ
315 3746 422 3814 κίονες
452 3735 594 3826 ύψηλοί·
625 3744 698 3810 τοῖς
728 3733 788 3818 γὰρ
819 3734 1036 3812 καλουμένοις
1069 3744 1217 3819 στερεοῖς
1248 3733 1361 3807 τόξοις
1393 3737 1452 3796 καί

231 3841 357 3929 άψῖσιν
380 3839 400 3929 ἢ
424 3840 516 3918 ὅπως
539 3838 648 3916 άλλως
671 3865 721 3916 τις
735 3847 844 3924 χαίρει
861 3834 948 3902 αύτά
971 3840 1084 3904 καλῶν
1102 3837 1167 3928 ὀψὲ
1184 3841 1275 3906 πάνυ
1291 3843 1347 3904 καί
1361 3839 1449 3918 μετά

228 3950 307 4024 τούς
338 3951 482 4035 χρόνους
503 3945 717 4032 Ἀλεξάνδρου
749 3949 823 4009 τοῦ·
841 3945 1041 4022 Μακεδόνος
1073 3948 1104 4012 οί
1134 3946 1287 4032 Ἕλληνες
1318 3945 1450 4010 οἰκοδο-

228 4059 372 4138 μοῦντες
396 4056 627 4140 ἐχρήσαντοθ).
674 4057 739 4118 Καί
763 4058 841 4137 περὶ
863 4056 925 4134 μὲν
953 4057 1009 4138 τής
1034 4062 1146 4138 στέγης
1168 4052 1255 4135 μετά
1280 4056 1389 4115 ταῦτα
1414 4059 1452 4116 ἐν

318 4303 345 4368 1)
362 4301 416 4355 Ὀδ.
438 4305 473 4357 Φ.
497 4307 610 4356 120-4.
631 4311 696 4374 πρμ.
723 4308 837 4368 136-8,
861 4305 919 4368 149,
946 4308 1060 4357 163-5.
1151 4303 1178 4370 2)
1197 4302 1248 4356 Ὀδ.
1274 4305 1311 4355 Φ.
1331 4305 1449 4356 420-3.

231 4394 257 4459 3)
278 4391 350 4442 Guhl
368 4407 396 4445 u.
417 4393 537 4456 Kohner‚
556 4395 650 4447 Leben
669 4397 717 4448 der
736 4394 783 4449 Gr.
803 4413 831 4450 u.
853 4395 885 4446 R.
905 4393 960 4447 σελ.
983 4398 1025 4446 72.
