3114 4810
720 239 761 306 39

116 415 272 500 μεγάλην
299 413 402 480 δοκόν
425 413 560 488 τούτοις
583 413 724 498 φράζειν
748 413 925 495 βοόλιται;
950 410 1025 498 ήτί
1050 405 1094 485 ἂν
1111 407 1194 479 ἄλλο
1213 413 1251 504 τό
1268 424 1350 496 μέγα

116 525 228 598 ξύλον
251 521 292 586 τό
317 542 351 602 γε
376 516 447 585 α’πό
471 523 534 586 τοῦ
561 521 675 606 ἑτέρου
705 522 754 598 είς
784 519 845 584 τόν
875 520 991 606 ἕτερον
1013 529 1129 603 τοῖχον
1154 523 1270 606 διῆκον
1294 525 1351 586 καί

116 627 139 716 ή
165 631 355 714 τήςνδοκοῦ
388 619 432 692 ατί
458 609 566 714 Ιείρξις
596 622 682 692 καθ’
713 628 771 691 ἕνα
801 621 894 692 οἶκον
926 629 1000 718 διχῇ
1029 634 1276 716 μεμερισμένον
1308 624 1351 692 άν

121 739 193 821 είίη;
216 733 311 800 Ἀλλδι
335 734 473 810 πάντως
502 734 610 820 δήπου
642 733 737 820 παρά
764 735 823 819 τήν
854 734 1027 818 μεσόδμην
1051 737 1106 798 καί
1136 735 1252 820 ἕτερόν
1274 759 1308 798 τι
1332 733 1351 800 ό

125 843 278 928 Γαληνός
307 850 384 906 νοεῖ
390 891 399 922 ,
431 837 525 924 ὅπερ·
547 842 581 903 έκ
612 843 680 904 τοῖν
711 837 798 904 καθ’
827 839 951 906 ἑαυτόν
982 841 1113 928 χρόνον
1137 843 1351 928 παρειλήφει,

126 951 182 1014 ίνα
220 949 264 1014 τά
297 949 461 1029 λεγόμενα
493 953 688 1033 σαφέστερα
728 947 962 1032 καταστήσειε.
1016 953 1128 1014 Ποῖον
1160 948 1199 1034 δή
1230 951 1348 1031 τοῦτο;

127 1057 259 1122 Πολλαί
299 1056 407 1141 δήπου
447 1059 514 1119 τοῖν
554 1051 692 1138 ὀροφῶν
733 1057 789 1116 καί
819 1062 894 1128 τοῖς
923 1050 1009 1132 μεθ’
1037 1052 1185 1140 ῗΌμηρον
1216 1057 1351 1142 χρόνοις

128 1164 317 1242 μεσόδμαις
340 1163 560 1246 ἐξηρτυμένοι
582 1152 679 1244 ήσαν,
704 1155 746 1234 δς
768 1161 807 1224 τό
831 1165 894 1241 μέν
910 1167 1017 1250 κίονες
1041 1157 1178 1243 άνεῒχον
1189 1168 1227 1248 ¹),
1251 1163 1289 1226 τό
1316 1165 1351 1230 δέ

130 1274 186 1334 καί
203 1271 318 1334 στῦλοι
336 1265 443 1344 αότοίς
459 1265 698 1350 όπεβάσταζον
709 1273 745 1348 ²).
788 1274 907 1331 Ταῦτα
924 1268 1039 1354 ,δήπου
1055 1292 1089 1348 γε
1105 1271 1148 1332 τὰ
1165 1275 1351 1354 ἐρείσματα

130 1379 166 1439 ἓν
189 1379 244 1440 καί
268 1378 329 1440 διίο
353 1371 372 1460 ή
395 1377 454 1438 καί
476 1375 580 1438 πλείω
598 1371 684 1437 κατά
710 1373 769 1457 τήν
785 1371 1001 1457 χρείαν“όντα
1019 1369 1089 1438 dn&
1108 1378 1165 1459 τής
1180 1376 1351 1460 μεσόδμης
1444 1425 1446 1431 .

127 1487 184 1568 τής
215 1481 305 1546 κατὰ
335 1486 439 1565 μέσην
470 1482 530 1566 τήν
563 1478 692 1566 ὀροφήν
728 1485 876 1566 κειμένης
906 1481 954 1556 είς
985 1479 1160 1564 τοῦδαφος
1193 1483 1350 1568 διήκοντα

129 1591 205 1669 δίχα
230 1587 273 1651 τὰ
299 1587 462 1670 οἰκήματα
488 1589 604 1678 διήρει.
654 1586 789 1671 Ταότην
815 1577 875 1650 σόν
898 1587 957 1673 τήν
982 1593 1039 1672 τής
1063 1587 1173 1653 δοκόν]Ι
1190 1585 1294 1674 εἷρξιν
1319 1590 1350 1654 οί

129 1697 187 1758 ἐπὶ
211 1695 364 1779 Γαληνοῦ
387 1691 570 1787 ἄνθρωποι
588 1701 773 1776 φαίνονται
790 1697 837 1768 εἰς
854 1690 965 1780 άληθή
991 1695 1124 1768 ξύλινον
1146 1697 1351 1778 μεσότοιχον

126 1802 434 1880 μετασκευάζοντες
458 1805 494 1866 έν
517 1827 553 1865 τε
577 1811 650 1876 τοῖς
673 1801 881 1881 πανδοχείων
910 1801 1013 1876 οίίιοις
1044 1805 1099 1866 καί
1123 1810 1159 1867 ἐν
1183 1811 1257 1879 τοῖς
1280 1800 1352 1868 κατ’

126 1905 233 1993 άχρόν
262 1917 467 1996 γεωργικοῖς,
499 1910 642 1983 σανίδας
672 1913 707 1996 ἐν
731 1917 804 1982 τοῖς
825 1906 953 1986 μεταξδ
985 1913 1052 1972 τῶν
1084 1909 1214 1974 στόλων
1242 1919 1351 1985 κενοῖς

125 2016 332 2102 διαστήμασι
356 2017 619 2100 προσηλοῦντες,
652 2010 693 2090 δίς
722 2014 844 2100 ῥηιδίως
875 2013 978 2079 πάλιν
1010 2012 1149 2098 οίφελεῖν
1174 2013 1350 2102 ήδόναντο.

122 2119 360 2206 Ἐξηχοόμενος
385 2111 445 2184 σόν
471 2118 488 2184 ό
511 2121 661 2205 Γαληνός
685 2121 744 2205 τήν
763 2118 1019 2205 Ἱπποκράτειον
1039 2123 1211 2208 μεσόδμην
1232 2129 1287 2188 καί
1310 2123 1349 2188 τδ

125 2225 190 2292 ὑπ’
215 2225 303 2317 αδτή
327 2225 525 2310 διάφραγμα
550 2237 629 2310 νοεῖ,
654 2225 672 2293 ὃ
695 2229 729 2291 ἐκ
753 2231 820 2292 τοῖν
843 2223 922 2290 καθ’
938 2211 1065 2292 έαυτὸν
1087 2228 1216 2312 χρόνων
1232 2238 1349 2314 παρεί·

128 2333 225 2416 ληφε.
272 2335 336 2396 Καί
369 2332 512 2416 πάρεστι
542 2339 603 2412 μέν
634 2339 682 2399 ’ἑτι
715 2340 770 2400 καί
803 2341 863 2398 νῦν
896 2339 952 2420 τής
976 2331 1130 2410 Ἑλλάδος
1154 2337 1190 2398 έν
1214 2361 1249 2400 τε
1274 2347 1350 2412 ταῖς

128 2439 245 2522 νήσοις
276 2441 333 2502 καί
364 2441 451 2502 κατὰ
481 2440 540 2526 τήν
570 2439 712 2526 ήπειρον
743 2441 803 2507 τὸν
834 2447 993 2506 τοιοῦτον
1021 2443 1224 2525 μεσότοιχον
1248 2444 1348 2508 ίδεῖν·

123 2547 198 2608 ἔστι
226 2549 343 2625 μέντοι
375 2551 433 2630 τῆς
464 2547 555 2622 ίδέας
587 2552 649 2612 τοῦ
678 2548 857 2634 Ὁμηρικοῦ
887 2549 980 2614 σ’ίκου
1012 2553 1066 2612 καί
1098 2556 1157 2635 τῆς
1179 2551 1349 2636 μεσόδμης

124 2651 352 2716 παντάπασιν
383 2649 573 2737 άλλότριος.
625 2652 674 2720 Ἐκ
714 2663 780 2720 τοῖν
808 2655 997 2742 εἰρημένων
1034 2653 1072 2720 οὐ
1106 2657 1259 2738 χαλεπὸν
1289 2661 1349 2721 νόν

124 2764 248 2840 κρίνειν
264 2759 381 2834 πάσας
398 2761 584 2847 συλλήβδην
602 2762 662 2836 τὰς
678 2769 745 2826 τοῖν
761 2764 919 2827 παλαιῶν
933 2763 1075 2845 σχολίων
1089 2769 1166 2846 περί
1179 2762 1351 2848 μεσόδμης

127 2866 318 2948 ἑρμηνείας,
351 2865 485 2932 όπόσου
518 2869 557 2954 δή
590 2867 685 2942 άξιαί
716 2870 811 2934 τίσιν.
860 2866 902 2934 Ἡ
930 2875 990 2946 μὲν
1021 2870 1082 2953 γάρ
1114 2872 1285 2954 ἑρμηνεία,
1309 2869 1349 2955 ἣν

125 2967 338 3055 Ἀριστάρχου
357 2979 463 3055 φασίν
479 2969 578 3054 εἶναι,
597 2971 641 3051 τίς
656 2977 828 3056 μεσόδμαι
844 2978 887 3042 τὰ
904 2975 1107 3058 μεσόστνλα,
1131 2985 1187 3040 καί
1204 2976 1224 3062 ή
1240 2979 1348 3061 ἑτέρα,

125 3075 169 3152 τός
193 3077 236 3142 τά
260 3079 504 3162 διαφράγματα
529 3081 572 3145 τά
593 3083 724 3162 ’μεταξὺ
750 3087 818 3147 τοῖν
842 3085 961 3148 κιόνων
977 3086 1073 3165 είσίν,
1098 3081 1140 3148 ον’
1163 3085 1255 3149 πάνυ
1272 3095 1348 3161 ταῖς

125 3191 187 3248 τοῦ
210 3187 365 3272 Γαληνοτῖ
389 3187 628 3271 διαφέρουσιν·
660 3189 679 3276 ή
704 3194 738 3255 δέ
768 3193 943 3271 μεσόδμας
975 3177 1129 3255 καλοῦσα
1153 3191 1196 3254 τά
1218 3191 1346 3270 μεταξδ

128 3294 194 3354 τών
217 3293 324 3356 δοκοῖν
348 3294 563 3377 διαστήματα
588 3298 793 3362 παντάπασι
817 3299 941 3383 ψευδής
964 3304 1066 3377 ἐστιν,
1090 3294 1134 3372 τίς
1159 3293 1237 3362 οίῖτε
1259 3299 1347 3363 κατὰ

125 3396 187 3481 τήν
217 3394 366 3480 α’ρχαίαν
390 3405 446 3484 τῆς
476 3401 647 3488 μεσόδμης
678 3405 770 3468 ίδέαν
802 3403 879 3468 οὔτε
911 3409 999 3467 κατυί
1027 3403 1086 3488 τήν
1117 3404 1205 3483 μετά
1235 3409 1346 3472 ταῦτά

123 3511 216 3568 ἐστιν
241 3500 347 3588 ατῗτήν
369 3509 532 3589 ἐκλαβεῖν.
580 3512 831 3596 Παραπλησίαν
855 3513 892 3576 δέ
920 3516 1025 3602 ταότη
1049 3498 1224 3596 ἑρμηνείαν
1248 3519 1303 3578 καί
1328 3509 1346 3577 ό

123 3610 277 3695 Γαληνός
301 3617 461 3694 φαίνεται
486 3611 545 3680 οιίκ
570 3611 826 3700 ἀποδεχόμενος
856 3626 892 3682 ἐν
917 3611 966 3694 οἷς
990 3641 1073 3704 φησι
1098 3625 1206 3699 „mag
1231 3623 1347 3685 δὲκαὶ

122 3716 163 3780 τδ
187 3715 564 3804 όπερκείμενονσιέχος
587 3725 757 3811 μεσόδμην
785 3721 967 3790 καλοῦσι.”
1015 3731 1090 3790 Τόν
1119 3728 1160 3804 δέΙ
1180 3735 1346 3810 νεωτέραν

121 3829 307 3907 έρμηνειοίν
331 3831 454 3889 πασοῖν
470 3828 690 3916 συλλήβδηνή
714 3837 776 3896 τοῦ
791 3834 1005 3917 Δοιδερλίνον
1030 3828 1205 3916 όρθοτάτη
1228 3833 1345 3916 έστίθ).

122 3935 190 3996 Καί
214 3937 323 3996 ταῦτα
346 3937 408 4011 μὲν
431 3937 510 4019 περί
532 3942 600 4000 τοῖν
622 3941 835 4017 μεσοδμοῖν·,
853 3941 912 4004 νῦν
937 3941 971 4004 δέ
1002 3941 1080 4022 περί
1104 3943 1166 4002 τοῦ
1190 3938 1346 4024 πλήθους

124 4033 239 4102 αὐτόν
263 4041 319 4102 καί
343 4045 422 4124 περὶ
445 4047 512 4105 τῶν
534 4049 570 4106 ἐν
586 4048 623 4134 τή
648 4040 862 4128 άνδρωνίτιδι
886 4048 1007 4110 κιόνων
1022 4049 1152 4131 βραχέα
1171 4047 1220 4110 έτι
1237 4052 1346 4112 εἰπεῖν

122 4203 335 4211 ——ae—--.

215 4291 240 4357 1)
261 4265 396 4355 Havm'ss,
419 4295 444 4356 9,
464 4296 489 4344 3.
571 4293 597 4359 2)
619 4293 732 4364 Αίσχόλ.
760 4289 856 4364 Ἄχαμ.
879 4297 941 4348 89ί.
1021 4297 1047 4362 3)
1069 4291 1132 4364 Ὅρα
1152 4299 1233 4350 Hom.
1254 4299 1343 4350 Gloss.

124 4398 185 4450 τομ.
207 4383 230 4430 1.
253 4381 306 4432 σελ.
327 4385 386 4443 2³3,
409 4375 510 4452 οἷριθμ.
532 4385 592 4434 357.
1197 4379 1200 4388 ’
