3114 4810
675 211 724 276 59'

78 395 145 472 μὲν
169 383 278 463 ἄλλως
306 387 368 461 τὰς
397 385 571 468 μεσόδμας
601 389 759 459 νοοῦντες
788 382 972 464 βούλονται
1000 381 1106 468 ῥῶγας
1134 377 1306 447 εἶναιτῶν

78 491 146 562 εἶπ’
171 493 294 570 αύταῑς
316 492 515 576 ύπάρχοντα
541 491 658 556 στενὸν
686 496 808 576 χῶρον,
834 486 871 564 ὃς
895 491 1011 554 δίοδον
1032 490 1161 567 μεταξύ
1186 488 1245 554 δύο
1269 495 1306 553 έν

79 612 157 678 τοῖς
180 607 307 686 πέρασι
338 606 495 680 κειμένων
526 603 641 684 θυρῶν
673 593 833 661 α’ποτελεῖ
844 601 888 676 1)·
929 597 961 660 οί
993 592 1025 660 δ’
1054 594 1152 661 ἄλλοι
1180 595 1307 669 πάντες

80 709 191 792 α’πρίξ
213 710 281 772 τῶν
304 709 442 788 γνωμῶν
472 711 539 770 τῶν
562 705 720 769 παλαιῶν
749 705 901 784 ἔχονται,
934 700 953 766 ό
975 709 1038 780 μὲν
1061 703 1198 787 ταύτης,
1230 698 1248 766 ό
1273 697 1307 768 δ’

79 823 217 900 ἐκείνης.
264 817 329 878 Καί
355 809 422 878 ὅσα
446 819 506 891 μὲν
521 811 618 876 κοινοὶ
636 806 846 894 ἀμφοτέροις
861 818 934 884 τοῖς
950 809 1135 890 θαλάμοις,
1159 809 1305 894 είρηται·

82 921 107 988 ἃ
132 926 167 988 δὲ
190 925 269 1004 περί
291 927 451 1005 ἐκατέρου
483 913 595 983 αύτῶν
624 919 739 997 ίσμεν,
769 915 852 980 τάδε
874 920 956 980 ἐστί.
1005 915 1169 995 Θάλαμος
1192 910 1307 979 ὅπλων

83 1038 118 1096 ἐν
141 1029 236 1111 μόνῳ
266 1030 316 1110 τῶ
335 1023 519 1099 Ὀδυσσέως
550 1020 727 1108 α’νακτόρῳ
758 1022 1024 1108 μνημονεύεται·
1064 1020 1163 1087 οὐδέν
1192 1028 1308 1100 μέντοι

81 1137 204 1202 κωλυει
229 1137 285 1198 καί
309 1139 440 1208 ἐντοῖς
464 1127 579 1206 ἄλλοις
609 1135 769 1193 τοιοῦτον
791 1112 968 1216 ύπάρχειν.
1017 1129 1086 1214 Τὴν
1109 1131 1144 1194 δέ
1176 1125 1307 1213 ὀροφὴν

83 1241 193 1309 αύτοῦ
231 1233 279 1315 τίς
316 1238 420 1319 μόνος
458 1244 538 1302 κίων
575 1233 748 1321 ύπερείδει
785 1223 820 1300 έν
858 1239 907 1320 τηῖ
943 1245 1033 1320 με’σῳ
1077 1236 1306 1316 ίστάμενοςὶ).

84 1352 231 1422 Πλείους
255 1348 292 1411 δὲ
315 1347 351 1410 ἐν
375 1341 468 1428 αύτῷ
499 1339 587 1408 εἶναι
619 1338 682 1424 ούχ
704 1339 865 1426 ἡγοῦμαι·
897 1343 956 1428 τὴν
978 1342 1040 1427 γὰρ
1064 1351 1308 1424 γυναικωνῖτιν,

82 1460 119 1523 έν
141 1445 162 1548 ᾖ
184 1460 353 1538 τέσσαρας
375 1459 490 1526 κίονας
513 1451 633 1532 έθηκα,
659 1449 844 1514 διπλασίαν
868 1448 906 1513 τὸ
934 1453 1078 1530 μέγεθος
1102 1447 1308 1534 ἀμφοτέρων

85 1569 155 1629 τῶν
178 1559 347 1641 θαλάμων
370 1557 511 1638 νομίζω·
548 1555 638 1630 είκὸς
670 1551 739 1640 άρα
770 1556 806 1618 έν
827 1561 972 1641 ἐκατέρῳ
996 1553 1109 1620 αύτῶν
1131 1556 1187 1620 ένα
1210 1562 1308 1620 κίονα

85 1665 186 1734 εἶναι.
234 1669 308 1731 Τῶν
332 1667 367 1730 δὲ
389 1662 613 1749 ὑπαρχόντων
636 1663 672 1725 έν
694 1667 743 1744 τῷ
765 1661 914 1744 θαλάμῳ
944 1659 1058 1727 ὅπλων
1082 1661 1101 1726 ό
1124 1668 1186 1742 μέν
1212 1663 1308 1746 Τηλέ·

88 1799 199 1856 μαχος
226 1783 373 1857 τέσσαρα
406 1771 512 1836 σάκεα
545 1773 600 1833 καί
632 1765 716 1833 όκτῶ
751 1767 880 1851 δόρατα
913 1772 968 1832 καί
1000 1779 1167 1855 τέσσαρας
1190 1773 1309 1844 κυνέας

84 1885 325 1966 ἐκομίσατοῧ),
357 1876 377 1942 ό
409 1879 445 1941 δὲ
473 1876 680 1950 Μελάνθιος
709 1874 748 1938 τό
780 1879 843 1953 μὲν
873 1880 1010 1961 πρῶτον
1041 1877 1168 1940 δυόδεκα
1201 1875 1308 1940 σάκεα

83 1993 142 2052 καί
173 1990 329 2052 τοσαῦτα
361 1985 492 2070 δόρατα
515 1985 567 2046 καί
598 1983 712 2066 ίτέρας
742 1980 914 2058 τοσαύτας
944 1988 1079 2065 κυνέας,
1102 1981 1246 2067 ὕστερον
1277 1983 1311 2046 δέ

82 2095 295 2179 τρυφάλειαν
333 2095 386 2154 καί
424 2094 524 2174 κυνῆν
555 2085 772 2168 α’ποκομίζων
809 2083 878 2154 είπό
917 2093 985 2152 τῶν
1023 2087 1134 2154 ἄλλων
1172 2095 1311 2154 οἰκετῶν

82 2200 332 2282 κατελήφθηί).
374 2191 518 2268 Ἀτόπως
548 2198 584 2259 δὲ
615 2195 707 2260 πάνυ
738 2197 823 2260 ἔνιοι
853 2195 1038 2278 βούλονται
1065 2196 1108 2258 τὰ
1135 2191 1225 2260 ὅπλα
1250 2195 1308 2262 ούκ

85 2309 124 2368 έν
148 2303 258 2384 τούτῳ
282 2306 330 2386 τῴ
346 2301 505 2384 θαλάμῳ,
523 2298 600 2366 ἀλλ’
622 2305 658 2366 έν
673 2325 741 2366 τινι
755 2307 818 2366 τού
833 2299 992 2390 ύπερῳίου
1007 2301 1099 2388 χῶροι
1123 2307 1264 2368 κεῖσθαι
1273 2311 1308 2384 ⁵).

88 2409 271 2496 Θησαυρὸς
291 2411 330 2480 ,δέ
346 2409 380 2472 έν
398 2413 484 2473 πάσι
501 2407 619 2489 σχεδὸν
635 2417 708 2484 τοῖς
725 2403 928 2496 α’νακτόροις
948 2412 1143 2495 πεποίηται.
1179 2407 1218 2474 ‘H
1230 2411 1312 2490 γοῦν
1405 2423 1407 2426 ’

82 2515 208 2600 Ἑκάβη
231 2519 286 2578 καί
310 2511 337 2579 ό·
353 2521 511 2599 Πρίαμος
541 2520 752 2600 εἰσέρχονται
783 2516 831 2592 είς
854 2517 914 2582 τὸν
936 2515 1115 2602 θησαυρὸν
1137 2521 1205 2580 τῶν
1229 2512 1311 2581 όνα-

83 2621 226 2708 κτόρων,
250 2625 287 2686 ἐν
310 2610 338 2705 ᾧ
359 2610 448 2706 ἦσαν
462 2621 591 2686 πέπλοι
607 2623 845 2704 παμποίκιλοι,
861 2627 939 2708 ἔργα
959 2629 1124 2704 γυναικῶν
1139 2625 1310 2704 Σιδονίων,

84 2733 142 2794 καί
174 2727 261 2793 άλλα
293 2727 405 2794 πολλοί
443 2728 607 2814 κειμήλια.
654 2732 720 2794 Καί
751 2727 772 2813 ἦ
801 2735 862 2808 μὲν
888 2725 1009 2814 Ἑκάβη
1048 2730 1214 2812 λαμβάνει
1251 2730 1311 2794 τὸν

84 2835 268 2923 κάλλιστον
289 2840 354 2899 τῶν
377 2835 514 2898 πέπλων
539 2837 647 2922 δῶρον
670 2841 713 2927 τῇ
732 2833 866 2919 Ἀθηνᾷ,
890 2832 911 2899 ό
934 2838 969 2901 δέ
991 2841 1147 2921 Πρίαμος
1177 2841 1213 2898 ἐκ
1244 2839 1312 2900 τῶν

84 2940 276 3027 φωριαμῶν
298 2940 385 3006 πολύ
411 2941 545 3026 πλῆθος
576 2945 723 3029 ἐσθῆτος
754 2947 810 3006 καί
835 2949 980 3025 σκευῶν,
1005 2937 1055 3018 οἷς
1077 2941 1136 3008 τὸν
1149 2939 1312 3028 Ἕκτορος

86 3049 207 3134 νεκρόν
237 3048 415 3112 λύσασθαι
446 3050 610 3134 έμελλεῦ).
656 3048 749 3136 Πρὸς
780 3051 815 3113 δὲ
845 3049 979 3125 τούτοις
1008 3053 1065 3114 καί
1089 3046 1108 3113 ό
1132 3050 1311 3125 Μενέλαος

88 3159 144 3220 καί
169 3150 315 3240 ἧἙλένη
343 3159 550 3238 πεποίηνται
573 3156 616 3220 τά
646 3156 808 3221 κάλλιστοι
838 3158 905 3219 τῶν
928 3157 964 3220 έν
986 3158 1034 3239 τῷ
1057 3161 1221 3242 θησαυρῷ
1245 3179 1310 3220 κει-

88 3267 197 3341 μένων
219 3261 397 3347 κειμηλίων
428 3262 656 3345 λαμβάνοντες
687 3267 744 3327 καί
775 3264 866 3348 δῶρα
897 3265 945 3347 τῷ
978 3262 1159 3348 Τηλεμάχῳ
1185 3257 1310 3326 άποκο-

84 3369 287 3452 μίζοντεςί).
333 3371 399 3432 Καί
424 3365 529 3444 αύτὸς
553 3365 586 3432 δ’
610 3357 655 3434 αὖ
678 3365 696 3433 ό
723 3371 920 3456 Τηλέμαχος
942 3371 1069 3452 λέγεται
1085 3377 1121 3432 ἐκ
1137 3374 1199 3434 τοῦ
1213 3393 1311 3451 ταμι-

86 3481 161 3540 είου
185 3477 242 3559 τῆς
266 3475 430 3558 πατρῳας
462 3475 571 3552 οἰκίας
602 3474 725 3558 ἐφόδια
748 3475 880 3558 λαβεῖν.
917 3474 957 3542 Ἡ
980 3479 1014 3540 δέ
1037 3475 1172 3560 πληθύς
1203 3480 1260 3541 καί
1291 3474 1312 3562 ἡ

86 3581 242 3646 ποικιλία
272 3584 341 3642 τῶν
371 3587 408 3643 εν
439 3578 532 3664 αύτηί
562 3577 785 3666 ὑπαρχόντων
816 3581 1023 3668 πραγμάτων
1054 3578 1094 3647 ού
1116 3583 1237 3670 μικρὸν
1260 3584 1310 3657 ξε-

85 3688 188 3764 νίζει·
214 3680 255 3750 ού
277 3685 340 3770 γάρ
362 3686 470 3766 μόνον
490 3690 615 3774 χρυσὸς
644 3693 700 3754 καί
729 3688 849 3770 χαλκός
877 3695 933 3754 καί
956 3689 1062 3774 ἐσθής
1085 3689 1122 3753 έν
1145 3687 1239 3771 αύτῶ
1261 3676 1311 3774 ἦν,

87 3792 178 3860 α’λλόι
202 3797 258 3858 καί
282 3787 404 3867 εύῶόες
434 3794 549 3859 έλαιον
580 3799 636 3860 καί
667 3794 788 3859 πολλοὶ
820 3799 924 3860 πίθοι
955 3797 1108 3862 παλαιοῦ
1140 3796 1232 3860 οἴνου
1255 3801 1311 3860 καὶ

87 3897 232 3983 άλφιτα.
278 3901 345 3963 lsai
378 3898 471 3964 οἴνου
502 3907 564 3982 μὲν
596 3900 764 3987 άμφορεῐς
788 3902 936 3984 διόόεκα,
968 3900 1120 3986 άλφίτων
1148 3904 1184 3965 δὲ
1207 3901 1313 3966 είκοσι

87 4029 301 4042 ,-.,-.----

182 4081 208 4147 1)
227 4080 337 4146 Rumpf,
356 4079 403 4154 οΙί,
425 4095 488 4146 pars
502 4081 604 4134 Comm.
625 4081 681 4134 οελ.
696 4084 811 4135 47-45.
832 4082 974 4134 Winckler
987 4080 1041 4134 σελ.
1062 4085 1106 4132 39.
1161 4077 1190 4150 2)
1209 4073 1259 4133 ²06.
1271 4084 1309 4132 X.

89 4173 153 4224 πε.
175 4172 235 4220 193.
293 4169 319 4234 3)
337 4159 434 4221 ομιτ.
454 4170 585 4221 110-11.
642 4170 670 4236 ι)
689 4162 740 4224 ὀε
754 4175 791 4225 Χ.
808 4173 920 4235 ιιι-ε,
936 4173 1049 4222 183-4.
1105 4169 1132 4235 ε)
1151 4170 1311 4222 Friedreich

90 4257 280 4312 Βεείίοιισελ.
303 4262 364 4312 305.
439 4258 465 4323 6)
482 4251 524 4308 Ἰλ.
553 4261 584 4307 Ζ.
606 4260 658 4310 288
683 4278 707 4310 κ.
727 4257 795 4322 ἑξῆς.
833 4261 870 4311 Ω.
892 4263 941 4310 191
968 4276 993 4309 κ.
1013 4255 1080 4322 ίξῆτ.
1160 4255 1257 4326 ‘OM
1279 4258 1309 4310 Ο.

89 4353 125 4404 99
146 4366 171 4398 κ.
193 4345 261 4410 ἑξῆς·
919 4379 921 4384 -
