3114 4810
748 243 839 324 v66

210 425 297 506 πρδς
320 420 359 484 τό
384 421 482 484 ένδον
505 417 668 500 γιάζεται.
711 413 752 480 Ἡ
773 416 809 479 δὲ
833 423 925 499 τρίτη
957 421 1014 480 έπὶ
1037 419 1095 500 τη”ς
1117 413 1227 501 θύρας
1251 411 1327 500 ὅπη,
1349 412 1371 499 ἡ
1397 423 1442 478 ἐν

210 530 259 610 τῷ
279 531 370 609 μέσην
403 533 551 609 κειμένη,
583 525 655 587 έστὶ
686 527 743 607 τῆς
774 521 913 613 κλειδός.
955 519 1034 604 Ἥγε
1070 522 1136 607 μὴν
1175 522 1262 596 κλεὶς
1291 521 1441 604 σιδήρου

211 638 405 718 πεποίηται,
430 637 540 717 σχῆμα
564 626 599 695 δ’
621 633 686 710 έχει
718 623 791 693 οἶόν
821 652 886 713 περ
910 627 949 692 τὸ
975 637 1145 710 στοιχεῖον
1167 633 1232 692 ταύ
1254 627 1440 720 γράφεται·

211 743 364 825 διαφέρει
387 736 420 802 δ’
445 733 552 802 αύτυύ
582 741 631 819 τῷ
653 735 696 800 τό
721 735 781 799 δύο
805 740 863 818 τῆς
886 739 1023 821 κεραίας
1047 733 1147 822 άκρα,
1172 731 1196 798 οἳ
1220 730 1324 806 εύθύς
1347 733 1440 818 πρὸς
1491 805 1496 816 ,

210 846 254 910 τά
285 846 373 910 κάτον
405 844 514 925 νεύει,
546 840 643 926 όλίγφ
675 842 869 927 μακρότερα
901 844 1006 922 έγειν,
1036 837 1124 906 ιύστε
1155 841 1215 904 δύο
1248 833 1438 914 όδόιταςύ

209 953 361 1036 γόμφους
376 947 557 1016 άποτελεῖν
581 953 654 1054 (J).
697 947 738 1014 ‘H
759 951 794 1012 δέ
817 954 875 1032 τῆς
905 948 1034 1024 κλειδὸς
1064 949 1151 1032 λαβη
1183 947 1337 1031 συνήθως
1362 949 1435 1011 έστὶ

212 1058 398 1144 στρογγύλη.
445 1057 622 1140 Λαβόντες
647 1045 707 1120 σύν
730 1054 791 1140 τη“ν
813 1056 926 1120 κλεῖδα
952 1045 1017 1121 ὦδε
1045 1054 1227 1137 άνοίγουσι.
1274 1059 1426 1136 Προσαρ-

209 1165 378 1246 μύσαντες
400 1169 539 1248 πρῶτον
570 1171 611 1255 τῇ
642 1163 750 1244 ολκείρι
780 1163 836 1226 έπλ
866 1167 925 1246 τῆς
948 1163 1059 1244 θύρας
1084 1157 1167 1253 όπῇ,
1191 1155 1264 1225 εἶτα
1297 1163 1333 1224 δὲ
1355 1160 1424 1224 εἴσω

211 1269 362 1347 κύσαντες
386 1273 442 1334 καὶ
466 1269 523 1334 διά
546 1275 605 1356 τῆς
629 1265 856 1355 ἀντικειμένης
878 1273 941 1333 τού
963 1269 1125 1350 χελωνίον
1148 1273 1249 1352 μέσης
1272 1263 1360 1350 ὀπῆς
1375 1267 1432 1350 την

210 1377 360 1464 κεφαλὴν
384 1377 617 1458 διεκβαλόντες
647 1377 794 1459 πλαγίαν
825 1385 1016 1462 στρέφουσι.
1064 1377 1164 1440 Μετὰ
1196 1375 1231 1438 δέ
1262 1375 1364 1436 τούτο
1389 1379 1438 1448 είς

211 1485 353 1560 ἑαυτούς
375 1483 496 1569 μικρὸν
519 1483 718 1558 ἑλκύσαντες
743 1482 800 1547 διοὶ
823 1485 891 1547 τάν
914 1483 1064 1563 πλαγίων
1080 1485 1136 1546 έπλ
1162 1489 1225 1546 τοῦ
1248 1479 1358 1544 νιότον
1375 1485 1438 1544 τοῦ

211 1594 369 1676 χελυνίου
392 1595 598 1676 μικροτέρων
622 1587 717 1654 όπούν
748 1587 828 1664 τούς
854 1589 1006 1673 γόμφους
1036 1589 1083 1666 είς
1106 1588 1145 1652 τό
1169 1587 1329 1669 χελύνιον
1352 1593 1437 1651 ἐνεί-

212 1715 309 1784 ρουσι
331 1701 387 1762 καί
411 1697 473 1773 τάς
495 1697 668 1778 βαλάνους
697 1703 732 1760 ἐκ
764 1701 834 1759 τοῖν
857 1699 1008 1776 έντομοδν
1030 1695 1255 1776 λαμβάνουσι.
1305 1693 1440 1758 Τούτου
1551 1732 1554 1743 =

212 1809 247 1871 δέ
268 1812 446 1887 γενομένου
477 1803 540 1878 τοὶς
569 1808 630 1881 μὲν
660 1801 833 1882 βαλάνους
864 1809 900 1866 ἐκ
931 1806 999 1866 τῶν
1028 1803 1215 1884 χασμάτων
1245 1803 1307 1865 τού
1333 1797 1441 1883 όχέως

212 1909 465 1984 άνακόπτοντες
487 1911 667 1994 ἐξαιροῦσι,
691 1907 752 1972 τὸν
780 1910 817 1972 δέ
847 1903 926 1991 όχέα
950 1911 1078 1984 έξωθεν
1100 1912 1163 1973 τοῦ
1185 1907 1325 1989 ἱμάντας
1348 1909 1439 1982 ἐξέλ-

211 2033 308 2081 κουσι
331 2021 386 2080 καὶ
411 2013 499 2093 ούτοο
531 2016 626 2091 τέλος
647 2011 859 2097 άνοίγονσιν.
905 2013 1052 2080 Ὁπόταν
1083 2011 1118 2079 δ)
1142 2004 1186 2079 αδ
1209 2014 1329 2078 κλείειν
1352 2015 1439 2096 βού-

211 2124 354 2205 λωνται,
385 2129 425 2214 τῇ
447 2123 551 2187 κλειδὶ
575 2118 616 2189 ού
637 2125 806 2209 χρῶνται,
831 2119 908 2187 ἄλλ’
931 2125 1060 2197 έξωθεν
1082 2126 1143 2187 τοῦ
1165 2123 1306 2202 λμάντος
1330 2111 1440 2198 αὖθις

211 2231 270 2296 τόν
294 2226 372 2312 όχέα
397 2231 594 2305 ἑλκύσαντες
616 2230 821 2313 ἐμβάλλουσι
851 2229 911 2313 την
939 2229 1088 2315 κεφαλὴν
1112 2225 1220 2294 αὐτοῦ
1243 2229 1291 2303 είς
1313 2229 1434 2311 μικρὸν

211 2337 380 2418 κοίλωμα,
412 2333 429 2400 ὃ
461 2333 564 2411 εύθὺς
594 2337 680 2416 μετὰ
714 2337 773 2420 τὴν
803 2339 1013 2422 παραστάδα
1044 2340 1100 2400 ἐπὶ
1131 2339 1193 2400 τού
1230 2341 1346 2416 τοίχου
1378 2336 1437 2418 τῆς

211 2443 325 2528 θύρας
348 2444 429 2506 έστί.
479 2449 565 2535 Φέρε
590 2445 626 2505 δέ
649 2449 708 2506 νῦν
730 2443 863 2522 ἴδωμεν,
887 2441 979 2518 ὅπως
1001 2439 1021 2527 ἦ
1046 2443 1225 2528 Πηνελόπη
1248 2447 1439 2525 πεποίηται
1550 2430 1554 2461 ¹

211 2547 270 2634 τὴν
285 2549 400 2632 θύραν
416 2549 478 2611 τοῦ
492 2555 647 2628 ταμιείου
664 2543 864 2629 ἀνοίγουσα,
880 2551 1023 2634 Προῖτον
1037 2555 1097 2628 μέν
1112 2550 1230 2634 κληῖδα
1247 2544 1439 2628 εόκαμπέα,

212 2656 368 2741 χαλκείην
390 2654 570 2736 λαμβάνει,
594 2650 614 2740 ἣ
636 2655 854 2738 ἐλεφαντίνην
877 2655 991 2740 κάπην
1019 2650 1115 2736 εἶχεν,
1139 2651 1212 2720 εἶτα
1237 2657 1272 2717 δὲ
1296 2655 1440 2737 προσελ-
1550 2710 1553 2731 ,

212 2767 329 2828 θούσα
353 2763 401 2837 εἰς
424 2763 484 2846 τὴν
507 2761 622 2846 θύραν
644 2762 726 2826 τάδε
751 2771 860 2827 ποιεῖ’

445 2899 535 2959 αὐτίκ’
555 2899 604 2973 ἄρ’
623 2900 674 2974 ἥγ’
691 2903 795 2978 ἱμάντα
814 2907 887 2965 θοοῖς
906 2902 1022 2960 ἀπέλυσε
1042 2904 1172 2979 τορύνης,

442 2997 473 3046 ἐν
492 2994 521 3047 δὲ
540 2989 628 3059 κληῖδ’
647 2986 702 3060 ἧκε,
722 3000 832 3064 θυρέων
851 2996 869 3049 δ
874 2991 881 3010 ²
900 2998 1049 3050 οίνέκοπτεν
1067 2996 1152 3068 ὀχῆας

443 3079 513 3136 άντα
532 3087 719 3155 τιτυσκομένη·
742 3082 774 3137 τά
794 3081 823 3137 δ’
841 3080 998 3156 α’νέβραχεν
1017 3081 1075 3151 ἠύτε
1094 3085 1190 3157 ταῦρος

443 3170 613 3240 βοσκόμενος
631 3171 757 3240 λειμῶνα
778 3169 834 3226 τότ’
856 3176 957 3246 ἔβραχε
975 3172 1047 3227 καλὰ
1066 3170 1186 3244 θύρετρα

443 3261 580 3331 πληγέντα
600 3260 694 3326 κληΐδι,
714 3259 892 3328 πετάσθησαν
912 3263 944 3318 δέ
960 3267 985 3316 οἱ
1003 3254 1062 3316 ὦκα
1071 3264 1102 3330 ¹).

211 3380 425 3448 Ἀπολύσασα
451 3374 512 3448 νύν
534 3391 592 3468 τῆς
615 3384 761 3471 κορύνης
790 3386 850 3451 τόν
873 3387 1011 3469 ἱμάντα,
1039 3388 1097 3450 ἵνα
1121 3381 1206 3462 μετά
1230 3383 1352 3465 μικρὸν
1374 3378 1435 3444 τόν

216 3485 291 3570 όχέα
316 3489 500 3564 έξελκύσειε
524 3495 580 3554 καὶ
602 3492 801 3572 ἐμβαλοῦσα
825 3496 870 3569 εὶς
893 3493 952 3579 τὴν
976 3491 1063 3578 όπὴν
1090 3491 1150 3577 τὴν
1173 3491 1288 3556 κλεῖδα
1312 3494 1436 3552 σκοπεῖ

216 3602 362 3683 πρῶτον,
395 3591 487 3672 ὅπως
518 3606 590 3672 τοῖς
620 3601 678 3683 τῆς
708 3599 837 3674 κλειδὸς
871 3601 1015 3684 γόμφοις
1038 3604 1106 3664 τῶν
1135 3605 1172 3664 έν
1202 3601 1251 3682 τῷ
1287 3595 1436 3678 χελωνίῳ

214 3702 373 3784 βαλάνων
396 3702 566 3776 τεύξεται·
590 3704 676 3784 μετὰ
701 3707 737 3768 δὲ
760 3713 862 3771 τοῦτο
888 3703 1096 3792 άνακόψασα
1113 3703 1220 3782 αύτάς
1237 3701 1358 3787 άνέφξε
1375 3700 1437 3786 τὴν

215 3810 340 3895 θύραν.
386 3813 452 3874 Καὶ
475 3815 585 3873 ταῦτα
615 3817 677 3888 μέν
708 3813 881 3896 γλαφυροῖς
911 3820 960 3896 τῷ
991 3819 1114 3905 ποιητῇ
1144 3817 1360 3897 πέφρασται,
1394 3801 1437 3870 ού

213 3915 279 4003 μὴν
317 3919 372 3980 καί
412 3921 542 4000 σαφῶς,
575 3913 689 4003 ὥσπερ
720 3915 922 3995 Εύστάθιος
957 3905 1127 4002 εὐστόχως
1163 3920 1252 3985 πάνυ
1290 3917 1435 4002 εἰρηκεν·

215 4024 253 4096 έξ
276 4011 322 4087 ὧν
346 4021 380 4088 δ’
395 4029 432 4088 έν
454 4032 527 4100 τοῖς
543 4025 743 4111 έμπροσθεν
765 4031 926 4109 γέγραφα,
951 4022 1097 4114 άκριβιδς
1114 4023 1156 4091 άν
1172 4051 1222 4100 τις
1237 4029 1297 4088 νῦν
1314 4027 1436 4086 πάσαν

215 4127 365 4213 τὴντῶν
388 4137 481 4196 ἐπῶν
504 4129 674 4196 ὑπόνοιαν
704 4133 905 4211 καταμάθοι
915 4139 952 4218 2).
996 4132 1048 4198 Ἐν
1070 4135 1105 4198 δέ
1128 4139 1176 4214 τῷ
1198 4131 1320 4194 κλείειν
1343 4132 1433 4212 πρῶ-

305 4290 331 4357 1)
350 4285 402 4344 ’θ’δ.
433 4295 468 4344 Φ.
490 4297 558 4344 6-7
578 4294 623 4345 καί
641 4297 757 4346 46-50.
832 4295 860 4361 2)
879 4288 931 4364 ὅρα
950 4291 1076 4346 Εύσταθ.
1097 4291 1128 4344 έν
1145 4285 1196 4343 Ὁδ.
1217 4296 1253 4347 Φ.
1274 4291 1330 4344 σελ.
1353 4294 1430 4350 1900,

216 4382 260 4432 60.
301 4379 390 4431 Schol.
409 4380 502 4434 Ambr.
524 4382 567 4434 ed.
589 4385 689 4437 Buttm.
710 4382 766 4436 σελ.
788 4387 849 4436 531.
