3114 4810
719 263 761 336 23

220 437 270 506 Ού
293 439 360 524 μήν
384 436 470 504 άλλίι
486 442 544 502 καὶ
567 437 653 502 κατὰ
676 436 755 512 τοὺς
778 433 921 524 ὕστερον
935 437 1078 524 χρόνους
1094 436 1113 504 ό
1129 447 1189 506 τοῦ
1208 437 1352 525 Ἑρκείου

78 621 81 630 ,
126 548 211 623 Διὸς
234 545 349 628 βωμὸς
364 550 553 630 παρέμενεν
575 546 610 608 έν
629 547 671 635 τή
694 538 781 635 αύλή
795 543 979 628 ἱδρυμένος,
1004 541 1120 630 ιδσπερ
1137 546 1208 612 ἔστι
1223 549 1354 626 μαθεῖν

125 662 165 722 ἐκ
189 661 247 738 τῆς
268 656 329 718 τοῦ
352 651 534 727 Πλάτωνος
556 651 732 725 πολιτείας
742 656 781 734 ¹),
812 651 900 716 ένθα
931 650 1157 736 παραπλήσια
1180 655 1352 736 τοῖςπερὶ

129 759 264 843 Πηλέως
285 760 469 844 εἰρημένοις
498 755 566 822 ὑπὸ
598 763 658 822 τοῦ
689 755 883 840 φιλοσόφου
913 755 1053 838 λέγεται.
1096 753 1225 824 Ἐλθὼν
1247 757 1308 842 γὰρ
1327 753 1352 822 ’ό

128 865 303 950 Σωκράτης
325 863 413 942 μετὰ
444 863 582 928 πολλῶν
613 861 723 928 ἄλλων
753 867 801 938 εἰς
832 862 892 946 τήν
916 867 1077 950 Πειραιοῖ
1104 868 1166 928 τού
1193 863 1352 947 Κεφάλου

128 973 237 1038 οἰκίαν
260 969 585 1053 καταλαμβάνουσιν
607 966 711 1034 αύτόν
735 964 814 1054 άρτι
836 970 871 1033 έν
894 973 934 1060 τῇ
957 964 1042 1061 αόλή
1063 969 1243 1036 τεθυκότα.

477 1125 615 1202 θίκήμαια
636 1132 681 1182 καί
701 1127 829 1199 θάλαμοι
848 1125 894 1196 τής
913 1127 1006 1195 αύλῆς.

220 1259 294 1319 Τιδν
318 1255 354 1318 δὲ
378 1259 415 1316 έν
437 1257 478 1343 τή
508 1248 588 1344 ούλή
620 1253 811 1337 οἰκημάτων
835 1252 879 1316 τὰ
900 1257 963 1334 μέν
986 1254 1058 1316 ἐστι
1079 1253 1217 1340 μονήρη,
1247 1253 1290 1316 τά
1315 1253 1349 1316 δὲ

127 1367 250 1448 συνεχή
266 1366 323 1425 καὶ
341 1357 453 1446 ὥσπερ
468 1356 612 1446 Ὅμηρός
634 1377 717 1446 φησι
733 1360 935 1440 θάλαμοι
951 1359 1140 1444 πλησίον
1157 1356 1350 1444 άλλήλων

127 1470 148 1532 δ
156 1470 202 1531 εδ
208 1492 260 1552 μη
269 1473 443 1554 μένοιῖ).
477 1469 558 1532 ,Καὶ
581 1467 706 1552 μονήρη
730 1469 789 1548 μέν
813 1471 885 1529 ἐστι
909 1463 954 1529 τά
970 1467 1019 1566 [έν
1040 1471 1087 1548 τῷ
1110 1461 1271 1550 ὑπαίθρῳ
1295 1471 1350 1549 τής

124 1570 235 1656 αύλής,
267 1569 290 1636 δι’
314 1572 493 1654 πολλαχῶς
524 1570 611 1634 κατὰ
633 1569 693 1655 τήν
721 1577 840 1656 χρείαν
871 1573 1041 1636 καλεῖται·
1088 1575 1209 1658 συνεχή
1241 1571 1276 1634 δέ
1305 1569 1349 1633 τά

127 1685 264 1764 συναῳή
286 1681 335 1762 τῷ
365 1677 534 1764 περιβόλῳ
565 1680 624 1739 καί
653 1678 725 1762 ἑξής
755 1673 907 1763 άλλήλων
929 1681 985 1741 καί
1015 1677 1078 1751 τοίς
1109 1678 1259 1751 εἰσόδους
1281 1671 1348 1740 ύτιδ

126 1795 204 1860 ταῖς
226 1789 293 1849 τῶν
316 1787 491 1849 αἰθονσοῖν
514 1788 645 1866 στέγαις
668 1785 809 1867 έχοντα,
842 1781 900 1866 άγε
927 1784 1088 1866 θάλαμοι
1112 1783 1180 1864 ἰδίᾳ
1205 1779 1246 1848 άν
1270 1783 1348 1846 ἐπο-

123 1891 375 1976 νομάζονντοδ).
422 1895 488 1955 Καὶ
517 1886 535 1954 ό
568 1895 630 1971 μὲν
660 1894 722 1954 τοῦ
747 1891 943 1974 Τηλεμάχου
973 1890 1136 1972 θάλαμος
1163 1894 1349 1975 πεποίηται

123 1999 159 2062 ἰν
181 2004 219 2090 τή
244 1993 326 2089 αύλή
343 1993 598 2083 (ρ’κοδομημένος
615 2001 973 2081 περισκέπτῳένί
996 1997 1161 2082 χάρῳέ).
1198 1994 1291 2062 Ἔστι
1315 1997 1348 2060 δέ
1447 2077 1450 2084 Δ

124 2112 351 2192 περίσκεπιος
373 2105 483 2187 χῶρος
508 2099 600 2166 οὐδὲν
615 2103 730 2185 ἕτερον
753 2099 773 2186 ή
797 2100 815 2164 ό
838 2108 1080 2188 κεχωρισμένος
1095 2107 1153 2168 καὶ
1168 2103 1349 2168 πάντοθεν

125 2209 307 2296 ὁρώμενος,
330 2207 493 2290 καθάπερ
519 2206 551 2270 οἰ
570 2205 716 2270 παλαιοὶ
733 2203 846 2292 ὀρθῶς
861 2207 1149 2294 έρμηνεύουσινὸ).
1187 2209 1348 2294 Μονήρης

124 2303 164 2400 ήν
189 2313 257 2399 άρα
282 2311 301 2376 δ
325 2316 385 2383 τού
408 2311 607 2399 Τηλεμάχου
631 2313 803 2394 θάλαμος.
845 2309 880 2376 ‘0
904 2314 940 2378 δέ
964 2316 1021 2400 τῆς
1045 2318 1221 2388 Νανσικοῖς
1244 2313 1347 2407 πολυ-

129 2420 289 2494 δαίδαλος
312 2419 473 2499 θάλαμος
489 2424 645 2502 φαίνεται
661 2422 718 2482 καί
734 2403 837 2495 αὐτός
853 2420 948 2494 ἰκτδς
964 2425 1026 2484 τού
1041 2420 1133 2485 οἰκον
1150 2428 1187 2486 έν
1202 2426 1241 2512 τῇ
1265 2416 1348 2512 αύλή

122 2532 276 2608 κείμενος
286 2532 325 2612 ⁶).
367 2521 406 2590 ‘H
421 2525 483 2608 γάρ
500 2529 661 2591 Ναυσικοῖ
676 2527 711 2589 ὲκ
728 2532 788 2590 τού
811 2521 920 2590 ύπνου
941 2531 1122 2612 έγερθεῑσα
1138 2533 1194 2592 κοιλ
1217 2529 1264 2602 εἰς
1287 2528 1346 2592 τὸν

121 2627 215 2696 οἷκον
237 2637 465 2718 πορευθεῖσα,Ι
495 2631 552 2696 ἵνα
584 2633 678 2696 εἰδιοι
707 2642 781 2708 τοῖς
809 2635 976 2715 γονεῦσιν,
1008 2629 1075 2697 ὅσα
1098 2639 1134 2698 ἐν
1157 2638 1204 2717 τῷ
1228 2630 1343 2720 ὀνείρῳ

121 2765 139 2825 η
128 2735 276 2826 ωΑθηνοῖ
292 2735 376 2830 αὕτη
364 2740 565 2824 ἐσήμηνεν,
582 2743 715 2820 ἐνέτυχε
731 2763 777 2822 τῳ
766 2743 898 2826 πατρὶ
912 2739 998 2825 πρὸς
1011 2739 1090 2816 τούς
1103 2742 1344 2828 δημογέροντος

121 2850 189 2907 τῶν
215 2845 378 2909 Φαιάκων
401 2850 617 2930 πορευομένῳ
641 2845 729 2908 κατὰ
761 2845 821 2928 τήν
843 2846 957 2930 θύραν
979 2871 1038 2932 της
1061 2843 1342 2934 άνδρωνίτιδοςέ)

124 2946 329 3041 Ούδαμόθεν
359 2958 474 3030 μέντοι
504 2949 780 3034 γίγνεταιδῆλον,
811 2950 906 3037 εἰπερ
933 2956 988 3016 καί
1012 2949 1115 3029 αύτός
1136 2937 1282 3040 μονήρης
1305 2957 1343 3040 ήν

118 3051 216 3142 ήμή.
271 3060 394 3122 Καίτοι
422 3081 459 3139 γε
483 3053 597 3136 ούδέν,
629 3051 736 3138 οἶμαι,
768 3057 887 3122 κωλύει
918 3054 1023 3124 αύτόν
1045 3061 1133 3125 κατὰ
1156 3060 1271 3125 πάντα
1294 3085 1340 3143 τῳ

120 3162 321 3248 Τηλεμάχου
343 3163 494 3247 θαλάμῳ
519 3161 746 3244 άντιστοιχεῑν
768 3161 938 3249 ήγεῑσθαι.

656 3319 690 3376 ‘H
704 3323 796 3382 θόλοι.

204 3421 296 3494 Ἀλλά
318 3432 383 3516 μήν
407 3433 464 3495 καὶ
489 3425 571 3494 άλλο
594 3433 737 3514 μονήρες
767 3430 890 3558 οἰκήμα
923 3433 958 3496 ἐν
988 3437 1028 3557 τή
1054 3427 1232 3508 Ὀδυσσέως
1256 3429 1341 3528 αύλή

117 3521 168 3620 ήν,
194 3527 214 3596 ό
237 3534 341 3612 θόλος
363 3538 562 3617 καλεῖταιδ).
601 3533 727 3600 ’Ἐκειτο
753 3533 832 3600 δέε
813 3563 833 3623 η
856 3537 965 3612 θάλος
988 3533 1048 3620 ούχ
1080 3535 1126 3615 ὦς
1156 3563 1244 3616 τινες
1264 3539 1339 3621 βού-

116 3640 236 3704 λονται
259 3640 295 3704 ἰν
317 3644 357 3734 νή
379 3645 429 3706 ἑτέ
415 3647 475 3730 έρρι
498 3647 566 3707 τῶν
588 3647 715 3724 γωνιῶν
738 3667 796 3730 της
810 3667 870 3708 τον
856 3645 993 3724 δόμου
1017 3646 1227 3730 αἰθούσηςθ),
1252 3643 1338 3708 άλλά

116 3746 203 3833 πρός
225 3753 265 3838 τῇ
289 3748 385 3832 ἑτέρᾳ
408 3753 510 3832 γωνία
532 3751 589 3834 τής
606 3749 772 3835 αἰθούσης
787 3753 844 3836 τής
861 3745 972 3836 αύλής.
1016 3754 1059 3817 Εἰ
1076 3753 1113 3817 δέ
1125 3777 1175 3826 τις
1191 3747 1339 3836 άκριβοῖς

115 3877 147 3916 τι
170 3857 248 3940 περὶ
273 3855 396 3919 τούτου
418 3861 549 3935 μαθεῖν
571 3857 745 3938 βούλεται,
770 3845 833 3920 ὦδε
857 3857 1068 3947 σκεῳιάσθω.Ι
1102 3858 1210 3942 Εἰπερ
1233 3853 1337 3944 γάρή

204 4035 229 4100 1)
249 4038 269 4086 1.
288 4034 343 4088 εει.
360 4037 457 4089 σεεν.
495 4030 709 4116 νήματα).
749 4037 777 4099 3)
796 4037 918 4102 Νομίου,
936 4039 1017 4107 pann.
1034 4040 1058 4100 1,
1077 4035 1206 4090 τέκνω.
1243 4036 1336 4103 ww.

117 4114 149 4174 Ἀ.
169 4124 282 4176 425—6.
357 4124 384 4190 ὅ)
403 4121 497 4195 Ἡσυχ.
517 4126 548 4178 ἐν
567 4123 590 4176 λ.
611 4125 702 4176 Schol.
723 4124 817 4180 Ambr.
838 4127 868 4178 έν
887 4118 936 4178 Όδ.
955 4123 986 4176 Α.
1006 4122 1060 4178 οελ.
1073 4127 1116 4176 45.
1189 4125 1215 4192 6)
1235 4119 1286 4180 Ὀδ.
1301 4131 1334 4180 Ζ.

116 4213 159 4263 15.
180 4216 244 4277 πρβ.
260 4216 293 4266 Η.
314 4216 393 4266 6-7.
433 4208 495 4281 Ὅρα
521 4215 567 4265 καί
585 4213 696 4278 Rumpf,
722 4212 755 4262 de
773 4214 834 4264 aed.
855 4213 936 4264 Hom.
959 4217 983 4276 1,
1003 4213 1058 4266 οελ.
1079 4215 1123 4266 25.
1187 4208 1279 4282 7)’οδ.
1302 4220 1333 4269 Z.

113 4302 212 4352 50-5.
301 4303 330 4366 8)
347 4297 399 4354 ³06.
426 4306 464 4354 Χ.
484 4305 545 4366 442,
571 4303 632 4364 559,
657 4303 720 4352 466.
806 4303 835 4366 9)
851 4295 914 4372 Ὅρα
933 4301 1044 4369 Rumpf,
1068 4302 1102 4356 δε
1127 4304 1186 4359 aed.
1208 4305 1290 4358 Hom.
1311 4306 1336 4366 1,

111 4387 167 4441 σιλ.
189 4391 223 4439 26
243 4388 288 4438 καί
305 4390 365 4441 Τοί.
387 4394 410 4455 1,
430 4392 491 4456 Τίς.
511 4395 540 4444 Β.
563 4391 583 4439 f.
