3114 4810
829 195 870 257 14

237 372 484 451 τεκμαίρεσθαι
502 367 656 445 δυνατόν,
680 362 762 431 άλλοί
788 369 843 430 καί
860 391 905 451 τω
925 392 1035 450 φαναι
1051 369 1163 452 θυρας
1179 374 1384 465 αίθονσης
1373 387 1476 465 )καί

236 474 297 558 την
322 474 497 538 αἰθουσαν
519 499 564 557 τῳ
591 473 756 559 προθύρῳ
776 475 1008 558 συναπτεινί).
1046 473 1096 540 Ἐκ
1119 478 1250 544 τούτων
1266 475 1328 548 ούν
1345 497 1472 571 σαφῶς

238 578 462 662 δείκνυται,
450 578 524 643 ότι
554 587 590 643 ἐν
620 581 660 667 τῇ
692 577 775 670 αύλῆ
800 581 885 663 πρὸς
908 605 954 664 τῳ
980 586 1037 666 τῆς
1060 581 1198 650 αι’λείου
1227 590 1341 674 θύρας
1365 603 1468 680 τοίχῳ

236 693 299 766 μία
332 686 485 752 αι”θουσά
516 688 617 766 ἐστιν,
647 683 686 771 ἣν
717 687 830 772 ἑτέρας
862 688 1030 772 αἰθούσης
1057 690 1236 776 διακρίνειν
1259 701 1468 781 βουλόμενος

238 793 413 858 αἲθουσαν
437 789 539 877 αύλῆς
562 795 632 874 ἰδίῳ
656 794 758 860 καλοί.
797 792 890 858 Ἔστι
922 797 957 858 δέ
981 796 1016 857 έν
1040 800 1080 886 τῇ
1104 795 1190 890 αύλῆ
1213 807 1268 866 καὶ
1292 807 1387 889 έτέρα
1404 811 1465 874 αό-

236 905 362 982 θουσα,
388 896 503 984 ὥσπερ
527 897 571 962 ἄν
593 923 644 975 τις
668 899 789 984 ῥᾳδίως
814 905 907 984 γνοίη
932 903 967 964 ἐκ
991 926 1027 964 τε
1052 912 1116 968 τοῦ
1138 906 1410 991 πληθυντικοῠ’
1388 939 1462 996 αρι-

237 995 395 1089 θμούῃ*
368 1031 391 1068 ω
419 1002 436 1070 ό
461 1011 602 1092 ποιητης
618 1029 774 1092 κεχρηται
785 1014 811 1086 ³)
836 1032 878 1070 κα
881 1008 1058 1118 ὶμάλιστα
1075 1010 1111 1072 έκ
1126 1016 1240 1081 τωνδε.
1278 1016 1458 1098 Πολλαχοιί

237 1113 298 1197 γάρ
323 1137 390 1176 των
421 1113 622 1198 ποιημάτων
642 1109 788 1198 Ὅμηρος
819 1117 929 1178 ποιεῖν
960 1109 1098 1199 πρῶτον
1129 1117 1189 1193 τὰς
1211 1125 1456 1204 θεραπαινίδας

238 1215 339 1293 εύνύις
370 1228 443 1294 τοῖς
473 1219 570 1304 παρά
603 1218 681 1293 τούς
703 1221 867 1300 βασιλέας
899 1216 1163 1302 ἀφικνουμένοις
1193 1228 1296 1302 ξένοις
1325 1226 1394 1293 ύπὸ
1417 1237 1457 1321 τῇ

236 1326 385 1415 αἰθούσῃ
411 1327 633 1411 στρωννύσας,
659 1321 733 1389 εἶτα
758 1329 794 1390 δέ
817 1327 937 1410 μικρὸν
961 1329 1144 1412 προελθών
1165 1335 1219 1395 καὶ
1243 1331 1286 1408 ὡς
1309 1341 1461 1420 περιών

236 1437 489 1519 προειρημένων
531 1433 787 1514 ἐπιλαθόμενός
826 1452 928 1517 φησιν
972 1433 1095 1509 αύτούς
1134 1443 1169 1500 ἐν
1206 1442 1251 1522 τῷ
1293 1442 1456 1526 προδόμῳ

237 1542 426 1604 καθεύδειν.
466 1536 593 1604 Αύτίκα
609 1541 669 1626 γὰρ
694 1537 762 1604 ύπὸ
778 1546 838 1619 μὲν
853 1544 921 1604 τοῖν
940 1537 1103 1622 Ἀχιλλέως
1120 1545 1242 1623 δμωοῖν
1265 1548 1341 1611 δοιὼ
1359 1548 1453 1628 λε’χεα

238 1643 306 1710 ύπὸ
338 1653 377 1738 τῇ
408 1646 558 1738 αίθούση
598 1652 658 1732 τῆς
697 1653 816 1732 σκηνῆς
846 1654 895 1731 τῳ”
925 1671 961 1710 τε
993 1649 1138 1733 Πριάμῳ
1178 1655 1234 1714 καί
1264 1660 1312 1737 τῳ
1343 1651 1459 1737 κήρυκι

238 1752 464 1838 στρώννυται,
494 1754 615 1838 μικρὸν
638 1754 672 1816 δέ
702 1753 789 1832 μετά
820 1757 921 1818 τούτο
954 1755 989 1819 ἐν
1012 1761 1059 1837 τῳ
1081 1764 1143 1818 τοῦ
1165 1757 1273 1833 δόμου
1296 1759 1463 1842 προδόμῳ

239 1859 272 1924 οἱ
295 1855 393 1924 αύτοί
416 1860 620 1941 κοιμώμενοι
637 1864 843 1946 πεποίηνται
853 1863 891 1945 ⁴).
940 1858 1058 1925 Ταύτά
1083 1862 1118 1923 δέ
1142 1859 1275 1935 τούτοις
1298 1867 1377 1947 περὶ
1397 1869 1461 1946 Τη·

238 1965 387 2047 λεμάχου
404 1970 460 2030 καί
476 1967 729 2052 Πεισιστράτου
753 1967 849 2053 παρὰ
869 1967 1035 2047 Μενελάῳ
1053 1965 1268 2044 ξενιζομένων
1282 1968 1460 2050 λέγεταιῦ).
1535 2013 1536 2070 η

236 2069 323 2156 Αύτη
355 2073 393 2158 δὴ
425 2069 444 2160 ἡ
477 2076 615 2161 δευτέρα
648 2075 800 2140 αι”θουσα
832 2076 984 2167 ἐναντίον
1021 2078 1058 2164 τῇ
1089 2078 1238 2158 προτέρᾳ
1269 2083 1399 2138 κεῖται·
1441 2073 1462 2158 ἦ,

237 2175 320 2264 αύτη
344 2180 407 2268 γάρ
431 2186 479 2263 τῴ
502 2181 664 2268 προδόμῳ
690 2179 779 2248 εἶναι
795 2184 939 2265 λέγεται·
965 2179 984 2246 ό
1010 2183 1046 2245 δὲ
1063 2179 1234 2266 πρόδομός
1258 2182 1330 2246 ἐστι
1351 2181 1462 2256 τόπος
1535 2177 1536 2228 Ῑ

235 2285 302 2370 πρὸ
327 2291 389 2352 τοῦ
414 2288 517 2371 οίίιου,
541 2295 617 2374 περὶ
643 2279 683 2352 οὗ
706 2285 847 2373 ὕστερον
871 2284 909 2350 δι’
935 2284 1110 2372 α’κριβείας
1133 2290 1208 2373 έροί.
1248 2289 1462 2366 Βουλόμενος
1533 2287 1536 2356 ί

237 2393 273 2458 δέ
296 2399 351 2457 καί
375 2395 501 2479 ταύτην
524 2401 580 2478 τῆς
603 2395 716 2478 ἑτέρας
741 2395 924 2477 διακρίνειν
948 2398 1010 2454 τοῦ
1035 2392 1141 2471 δόμου
1160 2395 1332 2459 αἴθουσαν
1357 2383 1462 2468 αὖθις

236 2499 339 2564 καλοί.
386 2504 453 2566 Καί
476 2499 617 2584 τοιαύτη
640 2503 705 2578 μέν
727 2495 746 2582 ἡ
769 2503 836 2562 τῶν
862 2500 1038 2561 αἰθοοσῶν
1062 2498 1098 2560 έν
1120 2501 1162 2588 τῇ
1185 2496 1271 2590 αύλῇ
1287 2500 1461 2575 διάθεσις·

236 2605 445 2691 κατασκευὴν
475 2608 509 2669 δέ
532 2601 621 2686 εἶχον
651 2604 798 2670 τοιάνδε.
844 2608 1057 2688 Πεποίηνται
1079 2609 1140 2682 μέν
1162 2603 1283 2685 λίθου,
1316 2602 1354 2668 δι’
1379 2601 1398 2669 ὃ
1422 2607 1464 2692 δη

237 2719 293 2778 καί
317 2716 432 2788 ξεσταί
456 2710 523 2778 ύπὸ
555 2718 617 2777 τοῦ
647 2715 794 2798 ποιητοῦ
816 2710 1132 2792 ἐπονομάζονταιῦ),
1162 2709 1324 2797 καθάπερ
1348 2715 1404 2776 καί
1430 2711 1465 2776 οἱ

237 2822 334 2886 λίθοι
352 2815 493 2900 αύτοίί).
530 2816 677 2884 Ἐυίκασι
694 2819 729 2883 δέ
744 2816 896 2900 μάλιστα
913 2827 1033 2892 στοαῖς
1050 2821 1106 2882 καί
1123 2819 1181 2883 διά
1198 2819 1236 2884 τό
1261 2814 1462 2900 ύπόστεγον,

238 2925 285 3012 ύφ
304 2925 322 2992 ὃ
338 2927 406 2992 εἴτε
423 2922 619 3011 ἀνθρώπων
635 2925 919 3013 περιπατούντων
933 2926 1000 2990 εἴτε
1016 2951 1073 2991 και
1089 2923 1211 3006 α’νέμου
1229 2927 1463 3006 ἐμπίπτοντος

240 3036 366 3110 δοῦπος
396 3035 556 3116 ἐγίγνετο,
589 3037 767 3121 έρίδουποι
798 3034 1031 3114 καλούνταιῦ),
1064 3030 1152 3096 ὅθεν
1183 3028 1226 3096 ἄν
1257 3054 1308 3106 τις
1340 3030 1463 3116 ῥᾳδίως

238 3147 294 3208 καί
318 3147 480 3226 περὶτοῦ
504 3137 614 3228 ὕψους
638 3137 752 3206 αὐτόν
775 3139 932 3204 εἰκάσειε.
975 3138 1024 3202 Τά
1051 3140 1087 3204 δέ
1110 3141 1177 3202 τῶν
1200 3137 1325 3218 στεγῶν
1349 3132 1463 3202 αὐτῶν

239 3249 366 3334 πλάγια
382 3255 521 3334 ’πέρατα
545 3256 580 3314 ἐκ
603 3253 666 3329 μέν
696 3254 758 3312 τοῦ
789 3250 848 3312 έπί
872 3241 1006 3332 θάτερα
1035 3246 1183 3310 ἐπὶτῶν
1206 3248 1326 3323 τοίχων
1349 3247 1405 3328 της
1428 3270 1464 3310 τε

240 3353 377 3422 αύλείου
401 3357 514 3443 θύρας
544 3359 599 3420 καί
631 3360 692 3420 τού
724 3355 816 3421 οἰίιου
840 3359 1040 3441 έστηρίχθαι
1071 3353 1173 3432 δοκεῖ,
1204 3356 1239 3414 ἐκ
1264 3350 1298 3413 δὲ
1320 3355 1382 3415 τοῦ
1405 3357 1462 3416 ἐπὶ

239 3461 374 3547 θάτερα
391 3488 467 3538 ταις
483 3487 549 3528 των
565 3463 685 3529 κιόνων
701 3462 935 3546 κεφαλαῖς,οί
921 3460 1019 3524 ϊδύο
1042 3457 1291 3537 ἀντικειμένους
1308 3453 1461 3541 άλλήλοις

241 3573 395 3651 στοίχους
418 3572 454 3635 έν
477 3576 517 3699 ηη
541 3567 627 3662 αύλῇ
650 3575 801 3634 ἐποίουν.
848 3571 916 3633 Καὶ
939 3591 998 3651 την
1021 3571 1084 3646 μέν
1114 3568 1224 3649 ἑτέραν
1245 3587 1310 3630 των
1335 3560 1459 3687 ὀρθίων

241 3673 440 3765 πλευρων
418 3676 488 3742 απδ
520 3681 578 3760 τῆς
602 3681 715 3762 στέγης
738 3675 824 3760 πρὸς
847 3675 885 3739 τὸ
914 3670 1087 3756 ἔδαφος
1067 3696 1084 3736 ο
1110 3679 1221 3753 τοῖχος
1243 3674 1300 3756 τῆς
1324 3663 1456 3733 αύλείου

331 3896 359 3960 1)
375 3887 427 3947 Ὀδ.
448 3895 481 3944 Σ,
505 3895 565 3945 102.
586 3898 650 3964 πρβ.
671 3894 737 3944 Fani
759 3888 887 3958 [Kayser]
909 3881 1016 3945 αὐτόθι.
1096 3889 1125 3953 2)
1144 3882 1193 3939 '06
1214 3890 1243 3936 Γ.
1265 3888 1326 3939 493.
1349 3886 1378 3936 0.
1400 3885 1460 3936 140.

242 3988 300 4038 191.
341 3981 515 4037 1111323.
596 3981 624 4047 6)
642 3979 694 4034 ⁹06.
717 3981 747 4032 6.
770 3982 802 4032 57
823 3979 869 4030 καί
887 3979 954 4028 Ε’ίεί
975 3976 1101 4044 [Kayser]
1123 3969 1230 4030 αὐτόθι.
1316 3971 1346 4042 4)
1365 3971 1405 4024 Ἰλ.
1426 3974 1462 4024 Ω.

241 4077 302 4136 644,
325 4076 386 4126 673.
462 4073 488 4140 5)
508 4065 557 4122 06.
578 4073 609 4122 Δ.
631 4073 692 4133 297,
712 4072 772 4121 303.
813 4071 841 4119 0.
864 4068 888 4117 ὅ.
910 4071 974 4140 πρβ.
995 4070 1026 4116 Γ.
1047 4069 1109 4129 399,
1132 4067 1194 4116 Υ.1
1215 4060 1261 4112 καί
1280 4064 1341 4122 143,
1362 4064 1461 4113 95-7.

240 4168 304 4237 πρε.
327 4163 373 4216 καί
388 4157 440 4216 ’06
462 4165 495 4214 ιι.
517 4165 568 4215 336
588 4161 634 4213 κιο
653 4163 715 4213 345
803 4147 1034 4223 0112143
1054 4159 1086 4207 Y
1108 4157 1150 4205 11.
1232 4150 1259 4215 τ)
1277 4141 1326 4200 '06
1347 4153 1378 4200 ε.
1399 4153 1461 4202 406

241 4245 330 4320 8)έλ.
358 4253 395 4305 Ω.
423 4255 484 4305 333.
522 4243 573 4304 06.
595 4255 624 4304 Γ.
646 4253 706 4304 399.
735 4249 797 4300 493.
826 4248 856 4298 0.
879 4248 939 4298 146.
963 4248 995 4296 Υ.
1024 4246 1084 4308 176,
1112 4243 1172 4292 189.
1217 4230 1339 4290 Εὖσῐαθ.
1367 4231 1468 4290 ανίύθι

242 4341 459 4404 σελ.1890,20.
