3114 4810
712 227 952 342 11¹⁹

117 457 258 539 παρέχει
282 451 320 516 τό
354 451 588 527 ςέλαύνειν
613 452 655 514 έκ
687 452 938 539 προθύροιο
964 456 1034 516 καί
1059 457 1342 538 αἰθούσης“1)

116 559 300 644 λεγόμενον
324 561 399 642 περί
424 563 491 622 τοῖν
515 559 549 620 ἐκ
574 561 631 643 τῆς
657 554 759 644 αύλης
782 558 999 626 ἐλαυνόντων.
1038 555 1129 624 Ἔδει
1144 559 1206 646 γὰρ
1224 557 1345 636 αὐτούς

117 669 181 740 έξω
206 665 406 740 ἐλαύνοντας
428 665 487 749 τη“ν
509 665 632 744 μεταξύ
657 668 724 729 τοῖν
748 667 925 732 αἰθουσῶν
955 664 1183 750 ύποίρχουσαν
1205 670 1261 732 καί
1286 670 1344 731 διδ

119 768 179 858 τῆς
202 771 313 857 θύρας
336 773 398 845 ’έξω
424 767 577 854 ἄγουσαν
601 779 635 846 ἐς
665 771 725 858 τὴν
749 769 830 837 ὁδδν
862 775 978 837 δίοδον
1002 774 1162 837 διελθεῖν.
1209 773 1284 858 Πρὸ
1310 776 1345 838 δέ

52 876 55 882 ’
117 885 179 964 τῆς
202 875 337 942 αύλείου
362 877 473 964 θύρας
498 878 584 942 κατ-δ
619 877 676 964 την
702 877 783 943 όδδν
805 879 927 966 μικρὸν
949 879 1131 965 προστῴόν
1154 903 1241 954 τινες
1263 879 1344 960 βού-

118 985 246 1067 λονται,
271 995 344 1060 τοῖς
367 987 433 1048 τοῖν
458 991 550 1048 ναῶν
573 986 802 1071 προπυλαίοις
825 967 1030 1073 παρόμοιον,
1062 982 1081 1050 ὃ
1106 981 1243 1052 όίνωθεν
1265 985 1346 1061 τούς

119 1091 186 1178 πρὸ
221 1099 279 1175 τῆς
316 1091 428 1176 θύρας
458 1092 606 1166 έστοίτας
637 1096 810 1174 έσκεπεέ)·
842 1095 919 1177 περί
952 1092 1075 1157 τούτου
1106 1091 1196 1173 ὅμως
1219 1099 1253 1156 ἐκ
1277 1097 1346 1156 τοῖν

116 1198 322 1284 ποιημάτιον
347 1196 458 1262 αύτοίν
483 1193 581 1262 ούδέν
603 1198 836 1280 γιγνώσκομεν.
883 1203 948 1262 Καὶ
973 1202 1082 1264 ταῦτα
1106 1206 1166 1280 μέν
1182 1204 1260 1284 περὶ
1283 1205 1346 1263 τοῦ

119 1305 314 1391 προθύρου.

489 1424 586 1501 Ἕδραι
604 1427 656 1500 πρὸ
676 1431 721 1501 τῆς
741 1425 846 1483 αόλείου
865 1429 963 1499 θύρας.

199 1551 352 1626 ’Έξωθεν
375 1555 411 1616 δέ
442 1557 499 1638 τῆς
530 1549 633 1637 αύλης
662 1553 751 1616 κατὰ
783 1558 826 1617 τοί
859 1554 984 1634 πλοίγια
1009 1562 1067 1639 τῆς
1094 1578 1131 1617 τε
1154 1553 1266 1637 θύρας
1290 1555 1346 1616 καί

117 1663 179 1722 τοῦ
210 1664 385 1740 προσθίου
423 1664 538 1741 τοίχου
569 1649 655 1744 ἦσαν
686 1661 782 1746 έδραι
813 1661 934 1724 λευκοῦ
971 1662 1072 1724 λίθου
1105 1665 1344 1744 πεποιημέναι.

115 1761 188 1829 Ἐπί
213 1765 380 1842 τοιούτοιν,
404 1765 465 1849 γὰρ
490 1767 591 1850 ἱδροῖν
622 1767 753 1850 λέγεται
776 1773 934 1852 Νέστορα
965 1776 1000 1831 έκ
1031 1776 1094 1832 τοῦ
1124 1764 1236 1855 ύπνου
1260 1769 1346 1851 έγερ-

118 1879 222 1936 θέντα
254 1877 310 1936 καί
334 1871 517 1948 ἐξελθόντα
541 1874 772 1955 καθέζεσθαι,
800 1875 923 1957 μικρὸν
948 1877 984 1938 δέ
1014 1872 1101 1954 μετὰ
1133 1876 1235 1936 τούτο
1266 1872 1347 1948 τούς
1436 1873 1438 1880 ’

118 1981 248 2053 παῖδας
271 1985 392 2044 ἐκτῶν
415 1986 450 2043 έν
474 1983 512 2070 τη
538 1977 626 2070 αύλῇ
648 1981 818 2059 θαλάμων
833 1983 991 2046 ἐνταῦθα
1013 1985 1090 2065 περὶ
1107 1975 1213 2044 αύτδν
1230 1979 1344 2042 συνελ-

117 2092 198 2150 θεῖν
209 2091 245 2170 ³).
292 2086 386 2168 Πρὸς
411 2089 446 2149 δέ
471 2087 605 2161 τούτοις
628 2087 757 2166 λέγεται
774 2092 830 2150 καί
847 2089 925 2161 τούς
944 2088 1137 2173 Πινελόπης
1153 2089 1346 2172 μνηστῆρας

117 2196 176 2256 έπί
200 2193 367 2256 τοιούτων
399 2193 505 2274 έδροῖν
538 2193 605 2274 πρὸ
630 2197 698 2254 τῶν
726 2189 869 2257 αύλείων
892 2197 1009 2275 θυρῶν
1032 2199 1244 2275 καθημένους
1267 2197 1345 2273 βου·

118 2300 287 2362 λούεσθαι
297 2305 333 2379 ⁴).
380 2298 563 2361 Είοίθεσαν
588 2296 654 2382 ἄρα
681 2298 713 2362 οἰ
729 2295 808 2362 καθ’
826 2297 974 2386 ’Όμηρον
989 2297 1170 2384 ἅνθρωποι
1185 2298 1253 2382 πρὸ
1278 2306 1347 2360 τοῖν

120 2405 263 2468 εἰσόδων
297 2409 482 2488 διατρίβειν
514 2409 568 2468 καί
602 2405 657 2468 διδ
691 2410 792 2468 τοῦτο
827 2407 930 2488 ἕδρας
962 2403 1167 2489 ηίκοδόμονν.
1222 2409 1288 2469 Καὶ
1311 2403 1346 2468 οί

118 2513 180 2576 νύν
211 2507 363 2596 ’Έλληνες
393 2511 638 2598 παραπλησίας
668 2513 770 2596 έδρας
809 2509 851 2576 ού
880 2513 989 2592 μόνον
1019 2513 1087 2598 πρό
1120 2517 1187 2576 τοῖν
1218 2511 1345 2591 οἰκιῶν,

119 2613 206 2682 α’λλδ
231 2623 287 2682 καὶ
310 2617 378 2703 πρὸ
403 2627 467 2682 τοῦ
490 2619 676 2704 περιβόλου
701 2623 769 2684 των
792 2624 1031 2706 χριστιανικοῖν
1054 2625 1147 2683 ναῶν
1170 2619 1257 2682 κατὰ
1281 2617 1345 2693 τιίς

118 2725 272 2800 εἰσόδους
304 2725 623 2802 κατασκευάζουσιν.
668 2721 844 2790 Ἐνταῦθα
879 2727 913 2790 δέ
944 2749 1012 2790 που
1036 2725 1103 2810 πρὸ
1128 2731 1185 2810 τῆς
1208 2725 1344 2790 εἰσόδου

117 2832 177 2894 ἐπὶ
199 2837 376 2916 κεχυμένης
399 2833 529 2912 κόπρου
563 2831 582 2895 δ
605 2837 668 2895 τοῦ
695 2829 875 2908 Ὀδυσσέως
899 2832 984 2896 κύων
1015 2829 1129 2918 ’Ἁργος
1160 2835 1344 2913 κατέκειτο,

120 2931 157 3012 ὃς
181 2936 263 3000 ἰδὼν
284 2937 345 3002 τὸν
372 2934 529 3002 Ὀδυσσέα
559 2939 644 3019 μετὰ
677 2939 803 3002 εἰκοσιν
835 2941 891 3022 ἔτη
915 2939 1156 3004 ἐπανελθόντα
1181 2944 1237 3003 καί
1261 2937 1344 3004 α’να-

117 3049 282 3130 γνωρίσας
304 3031 512 3131 παραχρῆμα
536 3041 757 3126 α’πέθανενῧ).
808 3041 873 3109 Ούκ
905 3041 1020 3129 δρθοίς
1052 3047 1087 3109 δέ
1111 3069 1200 3120 τινες
1223 3046 1283 3109 τόν
1307 3070 1344 3108 τε

116 3149 227 3214 τόπον
257 3155 382 3216 τούτου
413 3155 470 3215 καί
501 3151 560 3236 την
591 3151 730 3235 κόπρον,
761 3148 814 3235 ἐφ’
843 3143 881 3236 ἧς
913 3151 933 3216 ό
955 3150 1066 3238 ’Ἁργος
1090 3158 1272 3232 κατέκειτο,
1296 3157 1345 3228 εἰς

119 3255 178 3339 την
201 3241 577 3344 αύληνμετήνεγκονῆ·
608 3265 754 3333 ἑστῶτος
782 3259 844 3342 γὰρ
877 3262 926 3322 ’έτι
956 3263 1016 3322 τοῦ
1043 3255 1226 3334 Ὀδυσσέως
1248 3259 1345 3334 έκτδς

119 3363 177 3447 τῆς
209 3360 309 3448 αύλης
339 3365 426 3429 κατὰ
457 3365 517 3451 την
556 3363 636 3430 όδὸν
666 3370 723 3429 καί
752 3370 801 3447 τῷ
833 3361 974 3449 Εὐμαίῳ
1007 3365 1245 3448 διαλεγομένου
1284 3366 1345 3450 την

118 3471 199 3554 περί
214 3465 327 3554 ’Ἀργου
352 3471 501 3557 διήγησιν
526 3469 545 3536 δ
568 3471 708 3556 ποιητὴς
731 3473 878 3549 ἐνέβαλε.
929 3470 1033 3536 Μετὰ
1057 3473 1092 3535 δέ
1115 3471 1217 3536 τοῦτό
1241 3490 1344 3557 φησιν

119 3572 245 3651 αύτούς
266 3576 436 3643 εἰσελθεῖν
459 3585 506 3656 εἰς
529 3577 630 3654 τούς
654 3578 817 3660 δόμους
841 3583 912 3642 καί
934 3584 1067 3665 βῆναι
1091 3579 1191 3654 ἰθδς
1213 3579 1342 3662 μεγά-

119 3706 215 3769 ροιο
254 3683 362 3763 μετὰ
406 3693 656 3772 μνηστῆρας
696 3681 929 3770 α’γαυούςΊ).
983 3685 1104 3750 Πόθεν
1144 3674 1203 3750 σύν
1241 3685 1343 3770 δῆλον

119 3785 172 3854 ὅτι
203 3787 223 3876 η
254 3790 384 3876 κόπρος
406 3791 505 3856 καίό
537 3793 625 3858 κύων
648 3793 684 3857 έν
706 3795 748 3884 τῇ
771 3788 853 3882 αὐλῇ
875 3780 933 3876 ἧνς

210 3971 235 4038 1)
254 3965 304 4026 ὀε
322 3977 350 4022 r.
365 3974 426 4024 493.
445 3975 543 4034 0.146‚
560 3976 623 4024 191.
649 3965 813 4046 ἰκαετα
829 3969 879 4040 ὅρα
893 3964 991 4024 αῠιόοι
1003 3973 1031 4025 J.
1044 3971 1195 4022 LaRoehe.
1235 3971 1263 4037 ι)
1277 3968 1343 4022 Ger-

120 4061 191 4122 lach,
206 4063 253 4113 das
266 4063 344 4112 Haus
359 4062 406 4112 des
422 4062 522 4126 Odyss.
543 4057 682 4131 έντῷ30,
708 4058 783 4132 τίμῳ
802 4059 848 4112 τοῦ
861 4062 1021 4126 Philologus
1035 4059 1088 4110 σεί.
1113 4062 1174 4112 503.
1243 4059 1270 4126 3)
1289 4051 1340 4112 Ὀδ.

79 4177 83 4184 ·
119 4153 150 4200 Γ.
171 4153 302 4202 404-12.
322 4155 378 4222 πρβ
408 4151 513 4216 Rumpf
523 4151 556 4202 de
569 4151 629 4204 aed.
644 4152 726 4201 Hom.
747 4153 809 4222 μέρ.
831 4153 854 4203 1.
876 4150 929 4202 σελ.
944 4152 970 4202 8.
1043 4143 1073 4218 4)
1092 4145 1340 4211 mma-44,

117 4242 183 4306 πρβ.
206 4239 251 4289 καί
270 4241 392 4291 351-53
411 4239 458 4290 καί
475 4241 543 4290 Fani
563 4238 690 4307 [Kayser]
711 4233 809 4291 αὗτόθι
827 4237 857 4290 έν
877 4237 960 4308 στίχῳ
979 4239 1039 4288 344.
1127 4232 1156 4306 5)
1174 4228 1224 4288 Ὀδ.
1245 4241 1275 4292 Ρ.
1291 4241 1343 4290 291

118 4329 218 4378 —327.
293 4324 321 4396 6)
340 4329 372 4378 A.
386 4330 460 4391 Birt,
482 4327 580 4381 Geseh.
597 4329 644 4380 der
657 4329 801 4379 Baukunst
814 4331 838 4386 1,
859 4325 912 4378 σελ.
926 4328 988 4376 θΙΟ.
1027 4327 1094 4376 Fiisi
1113 4327 1143 4377 έν
1160 4321 1211 4378 Ὀδ.
1231 4329 1259 4377 Ρ.
1278 4328 1339 4377 297.

118 4417 145 4483 τ)
162 4412 215 4468 ὀυ
237 4419 266 4468 P.
289 4420 401 4471 ουκ-ι.
