3114 4810
210 903 246 962 Α.
288 897 427 962 Οἰκία.

234 1049 262 1103 1.
278 1033 403 1122 Ἕρκος.

232 1152 262 1209 2.
286 1143 412 1213 Ξεστολ
435 1145 539 1210 λίθοι.

233 1259 260 1317 3.
284 1252 477 1338 Πρόθνρον.

232 1365 263 1424 4.
286 1355 425 1434 Αύλειος
448 1359 553 1442 θύρα.

232 1472 262 1530 5.
287 1465 445 1530 Αἲθουσα
470 1462 584 1550 αύλῆς.

233 1580 262 1636 6.
287 1573 443 1636 Αἲθονσα
467 1571 583 1653 δόμον.

233 1685 261 1742 7.
279 1675 437 1762 Κύριος.Ι

848 905 887 964 Β.
927 901 1168 988 Μέλαθρον
1200 903 1249 987 (τὸ
1275 900 1354 968 ὅλον
1377 907 1434 970 σύ-

849 1009 1430 1093 σιημαιῶνμεσοδμοῖνκαὶδοκῶν).
1490 1073 1495 1086 ,
1529 1069 1530 1078 ,

874 1123 900 1176 1.
928 1121 1043 1195 Τοϊχοι
1066 1121 1123 1201 τῆς
1147 1113 1392 1202 άνδρωνιτιδος.

871 1229 899 1284 2.
924 1221 1120 1300 Μεσόδμαι.

870 1335 899 1397 3,.
923 1330 1036 1391 Δοκολ.

845 1457 882 1515 Γ.
918 1448 1020 1524 Ὡςτὸ
1043 1452 1255 1533 χελύνιον
1277 1451 1357 1518 άνεν
1374 1461 1434 1539 τῆς

723 1569 727 1576 ’
846 1557 958 1644 θύρας
979 1559 1066 1622 κακοὶ
1088 1558 1127 1624 τὸ
1144 1560 1241 1624 ἔνδον
1257 1565 1432 1643 φαίνεται.

872 1674 900 1728 1.
921 1661 1031 1744 Ὀχεύς
1057 1665 1208 1752 (Riegel).

232 1791 261 1847 8.
285 1784 407 1867 Βωμὸς
431 1787 491 1849 τού
514 1785 644 1870 ἑρκείου
666 1785 756 1858 Διός.
869 1779 899 1834 2·
920 1768 1008 1850 Ἱύᾶς
1033 1772 1206 1856 (Ηίθῐῐὶθῦ).

232 1899 262 1956 9.
289 1890 406 1964 Θόλος.

211 2005 261 2061 10.
289 1997 449 2078 Θάλαμος
472 2003 533 2061 τοῦ
558 1997 762 2080 Τηλεμάχου.

211 2111 261 2168 11.
285 2103 474 2187 Πρόδομος.

210 2218 260 2275 12.
282 2207 426 2275 Ἐνιύπια
450 2214 721 2294 παμφανόωντα.

210 2325 261 2383 13.
285 2316 402 2400 Σιόμα
426 2319 585 2404 ἑκατέρας
607 2318 743 2404 λαύρας.

209 2424 268 2488 13‘.
281 2420 440 2511 Ἑκαιέρα
464 2425 583 2510 λαύρα.

208 2538 259 2594 14.
283 2534 412 2604 [stom.

209 2642 260 2701 15.
282 2632 435 2722 Ἐσχάρα.

208 2751 259 2808 16.
280 2738 477 2838 Ὀρσοθύρο.

282 3173 381 3257 ρρῖον.

208 3285 259 3342 19.
281 3275 396 3359 Ῥῶγες
418 3277 588 3364 μεγάροιο.

206 3389 258 3448 20.
285 3382 447 3465 Θάλαμος
466 3381 659 3468 Ὀδυσσέως.

206 3498 258 3555 21.
286 3489 431 3555 Φάιναι.

869 1885 930 1956 3,3.
947 1875 1100 1941 Βάλανοι
1125 1879 1293 1958 (ΡΗὸοΙζο).

868 1991 898 2046 4.
921 1980 1100 2060 Ἡμεσαία
1125 1981 1190 2069 ὀπὴ
1215 1985 1274 2048 ἐπὶ
1294 1992 1353 2050 τοῦ
1370 1987 1433 2051 νιύ-

919 2113 979 2153 κοο
1000 2093 1060 2156 τοῦ
1082 2090 1251 2172 χιλιονίον.

871 2205 902 2260 5.
927 2196 968 2260 Αἱ
990 2197 1050 2260 δύο
1082 2197 1223 2280 πλάγιαι
1256 2197 1340 2262 ύπαὶ
1371 2200 1432 2264 ἐπὶ

918 2309 978 2366 κού
1001 2303 1107 2366 νάιον
1130 2310 1191 2368 τοῦ
1213 2305 1384 2386 χελωνίοο.

868 2416 897 2472 6.
919 2403 1106 2495 Ἐγκάρσιαι
1122 2411 1263 2493 ἐντομαὶ
1282 2417 1349 2476 τῶν
1364 2419 1430 2494 βα-

916 2514 1037 2579 λάνων.

868 2628 898 2685 7.
924 2625 1032 2705 Θῆκαι
1054 2625 1121 2685 τῶν
1144 2622 1311 2704 βαλάνιον.

843 2751 882 2810 A.
916 2741 1090 2833 Ἡχιύρα
1114 2751 1185 2831 τῆς
1208 2739 1427 2840 θύρας,ᾖιὸ
1529 2795 1530 2808 ι

208 2857 259 2914 17.
282 2849 384 2935 Κοινὴ
416 2851 507 2937 θύρα
543 2857 583 2942 τῇ
614 2849 787 2939 α’νδρωνίι.
841 2852 1001 2934 χελύνιον
1023 2852 1109 2940 πρὸς
1140 2854 1177 2918 τὸ
1209 2856 1305 2920 ἐ’νδον
1338 2853 1429 2920 ἄνοι’-

280 2959 338 3019 καὶ
360 2961 615 3038 γυναικωνίτιδι.

207 3073 258 3130 18.
284 3063 415 3146 Κλῖμαξ
430 3061 559 3144 άγονσα
583 3067 630 3140 εἰς
653 3067 691 3130 τὸ
709 3061 788 3130 ύπε-
868 3077 895 3131 1.
917 3063 1035 3147 Ὀχιύς.

844 2985 962 3024 umal.
982 3003 985 3011 ·

866 3170 1014 3253 2’.Ἱμάς.

864 3275 997 3364 4’.’οπὴ
1025 3284 1080 3363 τῆς
1110 3278 1239 3354 κλειδὸς
1263 3277 1427 3346 οἷνιισιοι-

923 3392 1030 3468 χούσα
1061 3393 1099 3478 τῇ
1138 3387 1194 3450 ἐπὶ
1223 3393 1284 3450 τοῦ
1320 3388 1427 3452 νάιον

826 3517 829 3525 ’
924 3499 984 3557 τού
1004 3495 1163 3574 χελωνίον
1188 3491 1264 3586 ὀκνῇ.
