3114 4810
715 216 758 280 33

124 403 182 462 ἐπὶ
204 394 336 481 θρόνου
359 393 419 458 τόν
439 387 602 457 Ἀλκίνουν
626 392 783 472 ἐχουσαν,
808 383 958 486 όπισθεν
983 385 1095 460 δὲτὰς
1118 392 1153 449 ἐν
1178 387 1218 477 τή
1240 407 1349 466 γυναι.-

123 483 273 570 κωνίτιδι
311 499 534 586 ἐργαζομένοις
573 496 735 580 δμωάςί.)
801 491 840 558 Ἡ
874 499 937 573 μέν
976 481 1033 558 οὖν
1069 489 1177 578 ’Λρήτη
1224 494 1348 573 ἐ’χουσα

123 611 275 678 όπισθεν
292 604 393 691 αύτής
415 604 478 680 τοὶς
501 605 537 668 ἐν
561 629 598 694 τη
623 603 867 684 γυναικωνίτιδι
884 599 998 680 δμωὰς
1026 599 1062 662 ἐν
1083 605 1124 690 τῇ
1146 597 1274 680 μεταξύ
1288 603 1350 678 μὲν

124 721 182 802 τής
212 715 322 800 θύρας
353 715 412 776 καὶ
443 714 501 796 τής
531 709 675 794 ἐσχάρας
701 708 794 794 χώρᾳ
825 707 992 790 ἐκάθητο,
1022 705 1141 790 μικρὸν
1173 701 1262 784 ὅμως
1294 707 1350 790 τής

127 823 232 908 θύρας
254 822 443 906 περαιτέρω
468 817 565 900 παρά
597 819 646 898 τῴ
675 817 776 897 κοινή
800 818 920 896 τοίχῳ,
953 819 1190 895 προκειμένης,
1218 812 1351 890 μᾶλλον

128 933 164 996 δὲ
186 929 447 1014 παρακειμένης,
471 921 514 998 ιύς
544 921 587 988 τό,
606 921 705 1004 εἰκὸς,
730 917 814 1011 αὐτῇ
841 927 898 1005 τής
921 918 1085 1004 ἐσχάρας·
1118 919 1282 1003 ἑτέρωθεν
1314 921 1350 1008 δὲ

126 1031 215 1120 παρ)
244 1029 328 1124 αὐτῇ
359 1029 378 1094 ό
406 1027 584 1108 Ἀλκίνους,
615 1023 700 1112 παρ’
733 1022 825 1108 αύτῷ
856 1029 890 1090 δὲ
921 1029 976 1090 καλ
1006 1022 1084 1103 μετ’
1108 1020 1211 1088 αύτὸν
1236 1020 1254 1088 ὁ
1278 1024 1361 1100 υίὸς

128 1141 321 1218 Λαοδάμας
344 1143 401 1201 καὶ
424 1138 578 1200 ἐναντίον
608 1134 688 1208 ἰίτως
710 1133 838 1198 τούτοιν
863 1132 895 1195 οἱ
917 1136 985 1195 τοῖν
1010 1131 1173 1198 Φαιάκων
1198 1127 1351 1216 ήχήτορες

127 1252 185 1313 καί
208 1249 371 1328 μέδοντες,
396 1239 473 1308 ὅσοι
497 1241 664 1327 παρόντες
679 1239 870 1321 ἐτύγχανον.
924 1238 1089 1327 Χωρήσας
1106 1227 1164 1301 οὗν
1177 1232 1352 1313 Ὀδυσσεύς

129 1357 178 1430 είς
200 1353 237 1418 τὸ
261 1360 365 1434 μέσον
388 1349 476 1413 κατὰ
499 1349 561 1433 τήν
584 1352 762 1420 Ναυσικάς
785 1341 946 1429 ὑφήγησιν
977 1351 1032 1408 καὶ
1052 1339 1217 1411 Ἀλκίνουν
1239 1368 1350 1430 παρα·

125 1459 344 1548 μειψάμενος
382 1459 594 1541 προσπίπτει
632 1457 670 1544 τη
706 1449 815 1540 ’Λρήτη
854 1450 960 1533 ἱκέτης
1006 1445 1071 1514 ἐπ’
1110 1451 1268 1542 ἐσχάρη
1308 1451 1350 1538 έν

127 1575 303 1655 κονίησι
327 1563 412 1646 πὰρ
436 1565 584 1644 πυρίί).
1214 1581 1217 1588 “

532 1742 661 1808 Μέγεθος
680 1737 725 1801 τῆς
745 1729 948 1803 άνδρωνίτιδος.

217 1870 284 1930 Καὶ
306 1859 412 1928 ταῦτα
434 1868 497 1946 μέν
521 1865 599 1946 περὶ
621 1867 677 1944 της
701 1859 814 1931 ἑστίας
824 1867 836 1896 ·’
865 1864 923 1921 νῦν
946 1859 981 1920 δὲ
1004 1863 1083 1942 περὶ
1106 1863 1167 1922 τοῦ
1188 1863 1351 1942 μεγέθους

127 1977 184 2037 καί
208 1978 263 2056 τής
287 1973 382 2034 ένδον
402 1974 610 2052 κατασκευης
626 1972 682 2030 καὶ
700 1967 887 2039 διαθέσεως
902 1971 959 2050 της
976 1961 1208 2050 άνδρωνίτιδος
1225 1969 1350 2050 ῥητέον.

123 2077 234 2162 Ἡλίκη
257 2082 371 2141 τοίνυν
395 2074 479 2158 αὕτη
504 2065 554 2158 ήν,
578 2073 697 2159 ῥηίδιον
712 2077 839 2152 μαθεῖν
864 2066 904 2134 ού
926 2070 1034 2152 μόνον
1057 2078 1092 2136 ἐκ
1116 2078 1175 2136 τοῦ
1199 2071 1352 2156 πλήθους

128 2189 196 2249 τῶν
221 2183 424 2262 συνιόντων,
456 2176 542 2242 άλλόι
572 2181 628 2240 καὶ
660 2173 724 2260 ὅτῳ
758 2178 795 2262 δή
826 2177 939 2263 τρόπῳ
972 2178 1003 2240 οἱ
1033 2178 1232 2255 ἑστιώμενοι
1256 2179 1351 2262 παρὰ

130 2301 209 2364 ταῖς
233 2287 416 2373 τραπέζαις
439 2284 650 2359 ἐκαθίζοντο.
695 2288 760 2348 Καί
776 2288 854 2368 περὶ
877 2290 938 2363 μέν
953 2289 1010 2370 τῆς
1027 2284 1206 2350 Μενελάου
1224 2279 1350 2368 άνδρω-

133 2398 256 2470 νίτιδος
279 2396 456 2466 ἑστιῶντος
485 2391 543 2455 τὸν
573 2397 634 2455 τοῦ
656 2391 744 2468 υίέος
766 2395 823 2456 καὶ
846 2399 904 2478 τῆς
927 2391 1093 2478 θυγατρὸς
1123 2391 1229 2474 γάμον
1251 2395 1349 2454 τοῦτο

76 2533 78 2537 ·
128 2502 236 2578 μόνον
259 2502 404 2581 λέγεται,
437 2495 489 2562 ότι
513 2497 668 2562 πολλοὶ
691 2503 889 2580 γείτονες
920 2495 988 2582 ήδὲ
1019 2493 1114 2564 έται
1142 2495 1348 2562 δαίνυντο

126 2603 479 2692 καθ”ύψερεφὲς
509 2609 617 2686 μέγα
650 2607 816 2686 ww).
863 2605 921 2680 Εἰς
954 2608 989 2670 δέ
1017 2605 1077 2690 τήν
1097 2602 1238 2671 Ἀλκίνου
1262 2624 1349 2669 συνι·

127 2715 222 2786 όντες
254 2713 286 2776 οἱ
313 2715 380 2775 των
406 2711 569 2775 Φαιάκων
599 2708 754 2798 ἡγήτορες
784 2717 836 2776 καὶ
866 2714 1026 2791 μέδοντες
1056 2707 1262 2794 εύωχοῦυιαι
1293 2714 1349 2775 ἐπὶ

126 2819 264 2904 θρόνων
288 2818 491 2904 καθήμενοι,
516 2819 550 2881 οί
570 2819 713 2904 ἑκατέρῳ
732 2824 798 2882 τῶν
821 2819 970 2900 πλαγίων
992 2823 1114 2900 τοίχων
1136 2819 1223 2882 κατά
1246 2824 1350 2904 μῆκος

129 2931 185 3012 της
202 2923 441 3010 άνδρωνίτιδος
457 2927 787 3009 προσερείδονταιί).
824 2921 907 2989 Ἀλλ’
931 2926 1000 3007 εἴγε
1021 2915 1116 2989 οὗτοι
1141 2925 1174 2989 οἱ
1195 2921 1348 3010 ήγήτορες

127 3037 182 3096 καὶ
211 3034 371 3110 ,μέδοντες
401 3041 496 3106 τοῖς
532 3027 801 3115 άριπρεπέσι
836 3031 1121 3114 βασιλεῦσιν,
1161 3037 1203 3096 οἳ
1239 3031 1348 3095 κατὰ

129 3142 265 3222 δῆμον
282 3142 560 3222 κραίνουσιν,
578 3137 608 3200 οί
626 3133 726 3202 αύτοί
739 3139 837 3220 τίσιν,
854 3135 894 3202 ού
910 3138 1030 3202 πολλοὶ
1045 3142 1228 3220 φαίνονται
1245 3138 1276 3200 οί
1292 3139 1348 3202 ἐπί

130 3246 169 3307 τὸ
194 3249 331 3309 δεῖπνον
362 3244 541 3320 συνιόντες.
587 3243 726 3308 Διύδεκα
756 3245 818 3330 γάρ
844 3246 875 3310 οί
899 3244 1026 3318 πάντες
1049 3249 1131 3326 εἰσί,
1163 3247 1347 3329 τρισκαιδέ-

131 3374 232 3424 κατος
256 3347 287 3414 δ’
312 3347 414 3426 αύτδς
439 3347 457 3416 ό
478 3348 684 3430 Ἂλκίνουςὸ).
733 3351 877 3426 Τούτοις
901 3353 936 3416 δέ
963 3354 1019 3415 καί
1042 3350 1119 3426 τούς
1143 3347 1264 3426 ἄλλους
1286 3359 1348 3416 τοῦ

129 3457 225 3520 οίκου
264 3453 410 3532 ἄνακτας
447 3461 674 3542 προστιθέναι
713 3459 780 3538 δεῖ,
819 3458 854 3521 λέ
840 3462 899 3537 έγω
939 3459 975 3521 δέ
1012 3456 1070 3541 τήν
1102 3453 1250 3543 Ἀρήτην,
1288 3483 1347 3544 την

125 3566 307 3628 Ναυσικᾶν
336 3568 392 3628 καί
422 3563 481 3628 τὸν
511 3564 850 3645 Λαοδάμαντα.οί
883 3565 917 3628 δὲ
949 3563 1010 3626 δύο
1043 3567 1099 3628 καὶ
1137 3565 1347 3660 πεντήκοντα

125 3673 276 3751 νεανίαι,
302 3671 333 3734 οί
333 3667 514 3734 ’Ὀδυσσέα
539 3670 642 3744 είς
609 3695 666 3796 την
690 3673 839 3756 πατρίδα
863 3670 1070 3756 περαιιόσειν
1093 3672 1241 3752 έμελλον,
1265 3678 1346 3736 ἐπα-

125 3775 307 3852 νελθόντες
323 3776 408 3856 μετὰ
425 3777 485 3863 τήν
508 3783 565 3862 τῆς
589 3777 669 3852 νειὸς
692 3776 909 3861 παρασκευην
925 3777 1029 3852 τίς
995 3802 1033 3842 το
1047 3773 1227 3842 Ἀλκίνου’
1206 3779 1346 3842 ανάκτο-

130 3905 187 3964 ρον
211 3879 252 3946 οιί
275 3892 349 3958 τοῖς
373 3880 523 3968 α’ρίστοις
546 3891 582 3946 ἐν
604 3887 644 3973 τῇ
668 3882 879 3969 άνδρωνίτιδι
904 3889 1152 3964 συνεστιῶνται,
1178 3881 1255 3947 άλλ’
1277 3882 1344 3949 ύπδ

129 3997 204 4062 ταῖς
227 3991 416 4064 αἰθούσαις
447 3990 483 4052 έν
513 3995 552 4080 τῇ
577 3985 661 4081 αύλή
691 3995 745 4054 καὶ
774 3999 847 4066 τοῖς
874 3987 986 4066 όλλοις
1017 3989 1240 4074 οἰκήμασινθ).
1287 3993 1346 4068 Είς

215 4170 242 4236 1)
263 4171 272 4237 )
291 4162 342 4223 ²00.
369 4173 400 4224 Ζ.
427 4171 542 4222 303-9.
563 4169 683 4235 Νίίτεοίι,
708 4171 788 4224 Anm.
813 4189 837 4224 z.
858 4172 940 4222 Hom.
959 4162 1008 4220 Ὀό.
1028 4171 1053 4230 2,
1076 4169 1131 4220 σελ.
1147 4173 1208 4225 129.
1247 4171 1274 4238 θ)
1293 4165 1343 4230 'Oc'¹

118 4259 157 4318 ιι.
176 4260 291 4312 ιιι-τ.
349 4259 375 4324 ε)
394 4253 444 4310 ὀε
457 4261 489 4312 A.
504 4263 600 4310 15—6·
654 4259 682 4324 ι)
699 4253 749 4310 ὀε
764 4263 796 4311 ιτ.
811 4262 926 4326 ιιι-οι.
952 4258 1064 4308 Nitzsoh
1077 4258 1159 4310 ιτα.
1173 4264 1198 4325 κ,
1211 4261 1264 4313 σει.
1282 4265 1342 4314 ιιι.

124 4346 152 4414 ε)
170 4341 223 4398 ὀε
247 4348 278 4400 ο.
301 4350 432 4400 385-91.
502 4347 532 4413 ε)
548 4339 597 4398 ὀι
622 4348 652 4398 ο.
675 4351 788 4401 ιιι-ει.

1117 4441 1132 4488 ε
