3114 4810
763 216 806 280 54

175 397 408 474 σημαινομένην
433 385 629 454 α’ντίκειται.
670 394 832 474 Σημαένει
852 390 886 452 δὲ
908 385 1061 470 τοόνομα
1085 387 1167 476 παρ’
1185 387 1313 477 Ὁμήρῳ
1338 393 1396 456 καί

174 503 247 571 τοῖς
269 493 410 579 ὕστερον
433 499 568 580 πρῶτον
591 500 654 576 μὲν
676 495 735 581 τὴν
759 499 873 578 στέγην
883 499 921 582 1),
944 491 1019 560 εἶτα
1036 499 1072 562 δὲ
1088 495 1177 561 κατὰ
1193 498 1397 582 συνεκδοχην

177 602 307 685 οἶίιημα,
330 599 428 665 καθά
452 602 490 688 δὴ
514 605 570 666 καί
594 599 679 666 άλλα
696 593 858 682 ἀ’νάλογα
882 597 1044 684 ὀνόματα,
1069 593 1116 666 οἷν
1138 607 1200 668 τοῦ
1216 604 1396 690 μελάθρου

173 708 282 788 μόνου
314 709 470 773 ἐνταῦθα
499 709 706 794 μνημονεύω.
742 704 817 772 Ὅτι
849 705 882 772 δ’
903 705 1048 796 Ὅμηρος
1080 715 1136 774 καί
1166 711 1205 774 τό
1239 711 1398 796 δεότερον
1491 733 1495 739 ’
1552 741 1553 768 ι

177 815 428 900 σημαινόμενον
449 817 512 880 τοῦ
534 820 648 897 τέγους
664 809 735 878 οίδε
750 814 858 888 τάξας
875 810 958 879 αὐτὸ
976 816 1033 880 έπλ
1049 819 1107 902 τῆς
1121 818 1398 898 γυναικωνίτιδος

175 921 275 1006 δῆλον
290 925 433 1002 γίγνεται
449 922 484 984 έκ
499 923 614 986 τῶνδε.
643 917 769 1006 Ὥσπερ
785 920 846 1006 γάρ
862 918 883 1006 ἦ
899 921 1079 1008 Πηνελόπη
1095 923 1250 1006 τετράκις
1266 923 1398 1004 λέγεται
1459 917 1462 924 ’

173 1027 261 1107 μετά
285 1030 381 1092 δυοῖν
398 1024 612 1111 ἀ’μφιπόλων
633 1031 691 1110 της
706 1023 871 1113 Αὐτονόης
894 1032 951 1091 καί
969 1025 1212 1110 Ἱπποδαμείας
1226 1028 1399 1094 λστασθαι

174 1133 272 1216 παρὰ
295 1134 454 1214 σταθμόν
476 1140 585 1215 τέγεος
615 1133 706 1198 πόκα
729 1142 887 1219 ποιητοῖο
898 1141 936 1216 2),
967 1135 1027 1212 τόν
1057 1132 1158 1200 αὐτόν
1187 1136 1400 1221 τρόπονκαὶ

99 1298 101 1302 .
173 1238 199 1324 ἡ
215 1239 322 1323 Ἑλένη
346 1245 531 1325 πεποίηται
547 1241 583 1304 έν
598 1245 722 1322 μὲντῴ
737 1239 890 1326 Πάριδος
906 1236 1083 1327 άνοικτόρφ
1108 1242 1148 1304 ἐκ
1165 1243 1398 1324 θαλάμοιο

176 1343 399 1433 ὁρμωμένη
429 1347 544 1426 μετά,
569 1349 651 1410 τοῖν
690 1343 957 1430 άμφιπόλων
988 1348 1152 1434 Αίθρης
1191 1352 1263 1412 καὶ
1294 1350 1398 1414 Κλυ·

172 1459 351 1538 μένηςὲ),
375 1461 412 1518 έν
436 1454 470 1517 δέ
492 1460 540 1538 τῷ
564 1453 746 1518 Μενελάου
769 1455 816 1527 είς
838 1454 876 1518 τδ
900 1463 1045 1538 μέγαρον
1069 1454 1229 1540 ἐρχομένη
1252 1456 1295 1518 έκ
1318 1460 1398 1520 θα-

175 1559 337 1641 λάμοιο
366 1561 565 1634 θυάδεος
587 1556 839 1650 ὑψορόφοιο
864 1564 921 1623 καί
943 1557 1012 1624 δπὸ
1036 1562 1173 1625 πολλῶν
1196 1557 1399 1644 ἀμφιπόλων

177 1667 531 1752 παρακολουθουμένη
554 1671 610 1730 καί
633 1671 940 1752 θεραπευομένηί).
983 1670 1100 1731 Ταῦτα
1126 1663 1187 1733 οὖν
1209 1669 1253 1732 τὰ
1269 1669 1398 1754 παράλ-

175 1771 260 1856 ληλα
276 1772 381 1851 μόνον
398 1771 439 1852 οδ
454 1774 568 1857 φωνην
585 1771 734 1858 άφιήσιν,
750 1769 802 1842 ὅτι
818 1771 856 1836 τὸ
873 1777 965 1854 τέγος
981 1774 1039 1838 ἐπί
1054 1776 1112 1858 τῆς
1126 1775 1398 1856 γυναικωνίτιδος

172 1883 323 1942 τακτέον.

683 2008 886 2064 Γυναικωνίτις.

225 2123 227 2128 ’
264 2125 368 2190 Μετδι
393 2127 430 2190 δὲ
461 2127 521 2211 τή“ν
550 2121 749 2209 άνδρωνῖτιν
778 2129 916 2214 δευτέρα
941 2127 959 2216 ἡ
984 2133 1212 2212 γυναικωνῑτίς
1240 2129 1342 2209 ἐστιν,
1375 2123 1395 2212 η’

175 2231 233 2296 διὰ
256 2239 318 2311 μὲν
341 2233 379 2298 τὸ
403 2237 547 2318 μέγεθος
570 2233 743 2316 πολλαχοῦ
759 2239 815 2299 καὶ
832 2231 916 2321 αὕτη
932 2233 1001 2300 όπδ
1018 2241 1080 2298 τοῦ
1096 2241 1238 2321 ποιητοῦ
1253 2242 1399 2316 με’γαρον

176 2340 378 2424 καλεῖταιέ),
415 2340 472 2404 διά
505 2343 540 2404 δὲ
571 2339 630 2423 τὴν
659 2347 780 2426 χρῆσιν
812 2337 902 2416 οἶκος
932 2339 1002 2422 ἰδίᾳ
1034 2343 1295 2422 ἐπονομάζεται.
1345 2337 1399 2404 Ἐν

176 2443 260 2534 αὐτῇ
283 2445 346 2529 γδιρ
371 2445 408 2509 αί
430 2453 489 2530 της
518 2447 626 2520 οἰκίας
657 2447 836 2511 δέσποιναι
867 2448 955 2530 μετὰ
986 2453 1053 2512 τῶν
1085 2451 1205 2529 δμωών
1235 2452 1401 2531 γυναικοῖν

174 2551 234 2637 τὴν
257 2549 384 2638 ἡμέραν
408 2553 577 2636 διέτριβον
600 2551 819 2636 ἐργαζόμεναι
830 2559 868 2640 ⁰).
915 2557 981 2618 Καὶ
1009 2555 1096 2618 κατὰ
1119 2559 1182 2634 μὲν
1205 2555 1265 2640 τὴν
1285 2554 1401 2639 χάραν

173 2661 229 2722 καὶ
251 2659 312 2743 την
334 2665 451 2745 χρῆσιν
474 2663 514 2750 τῇ
535 2661 780 2740 γυναικωνίτιδι
803 2665 871 2726 τῶν
893 2664 980 2742 μετὰ
1001 2667 1109 2726 ταῦτα
1128 2663 1239 2726 οἰκιῶν
1256 2656 1402 2743 άκριβοῖς

175 2761 392 2847 α’ντιστοιχεῖ,
416 2763 501 2850 ἥπερ
525 2766 620 2850 θόρᾳ
635 2767 817 2853 βαλανωτῇ
842 2763 912 2833 άπὸ
937 2775 994 2854 τῆς
1011 2765 1248 2854 άνδρωνίτιδος
1265 2761 1401 2852 δίριστο,

173 2869 230 2934 ίνα
254 2871 299 2958 μη
325 2873 362 2936 αἱ
383 2874 482 2936 ένδον
506 2871 726 2957 ἐργαζόμεναι
749 2883 903 2955 γυναῖκες
932 2875 1055 2960 ῥηιδίως
1078 2881 1151 2950 τοῖς
1176 2871 1292 2949 ἄλλοις
1317 2875 1400 2938 οίκέ-

173 2989 249 3053 ταις
274 2985 519 3057 κοινωνοῖεν7)·
552 2985 588 3042 έκ
621 2982 655 3043 δέ
685 2985 742 3065 τῆς
770 2980 918 3066 χρήσεως
940 2987 1045 3065 μόνης
1067 2977 1193 3045 καλοῖτ’
1217 2976 1260 3043 ἂν
1284 2977 1401 3054 άπλιδς

177 3079 267 3158 οἶκος
298 3083 624 3171 ταλασιουργικόςθ).
679 3090 743 3150 Καὶ
773 3089 882 3151 ταῦτα
913 3093 975 3168 μὲν
1006 3093 1083 3172 περὶ
1114 3094 1171 3171 τῆς
1200 3089 1312 3172 χωρας
1343 3091 1397 3150 καὶ

175 3193 237 3254 τοῦ
260 3187 439 3274 ὀνόματος.
476 3189 602 3278 Ὥσπερ
627 3193 662 3256 δέ
685 3193 722 3258 έν
736 3197 779 3284 τῇ
803 3190 1015 3280 άνδρωνίτιδι
1033 3197 1090 3258 διά
1106 3190 1167 3278 την
1182 3199 1250 3256 τοῖν
1268 3189 1401 3278 άνδρων

77 3312 80 3318 ·
179 3298 353 3384 διατριβὴν
376 3297 500 3384 θρόνοι
523 3301 580 3362 καὶ
603 3299 739 3380 κλισμοὶ
761 3298 913 3387 ὑπῆρχον
923 3307 962 3388 ⁹),
989 3295 1076 3365 οὕτω
1101 3301 1156 3362 καὶ
1180 3297 1216 3363 έν
1232 3301 1271 3390 τῇ
1286 3321 1398 3380 γυναι-

176 3405 323 3467 κωνίτιδι
347 3405 403 3467 διὰ
426 3405 487 3492 την
509 3409 577 3470 τοῖν
600 3411 765 3488 γυναικῶν
788 3407 912 3472 πολλοὶ
941 3411 1066 3492 δίφροι,
1098 3410 1132 3470 οἳ
1161 3405 1401 3492 ταπεινότεραι

158 3511 241 3572 τόν
264 3510 402 3594 θρόνων
424 3516 482 3576 καὶ
506 3513 573 3576 τῶν
596 3513 745 3592 κλισμῶν
768 3515 865 3600 ἕδραι
888 3503 1037 3599 ἦσανίθ).
1086 3515 1150 3577 Καὶ
1181 3513 1217 3575 έν
1248 3521 1320 3588 τοῖς
1343 3513 1400 3593 ἕμ·

265 3729 290 3796 1)
310 3721 362 3782 Ὁδ.
382 3731 417 3781 Κ.
438 3731 499 3780 559.
521 3731 554 3778 A.
576 3731 618 3780 64.
660 3730 743 3781 Θουκ.
770 3731 796 3791 4,
821 3730 865 3789 48,
887 3731 912 3781 2.
953 3727 1050 3780 Πολνδ.
1075 3730 1156 3800 δνομ.
1187 3731 1209 3788 1,
1238 3731 1281 3780 81.
1303 3724 1399 3798 Ἦσυχ.

173 3816 258 3888 ἐντῷ
279 3817 411 3886 μέγισθ’.
451 3816 552 3871 Ἂπολλ.
573 3823 647 3885 Σοφ.
675 3810 735 3886 Ὁμ.
757 3816 810 3878 λεξ.
831 3816 886 3870 σελ.
909 3821 968 3878 151,
992 3821 1034 3870 35.
1109 3811 1208 3883 2J'015.
1229 3819 1259 3866 Α.
1283 3817 1398 3868 333-5.

173 3909 207 3959 π.
229 3909 344 3958 ιεε-ε.
378 3910 411 3958 ε.
434 3909 566 3958 τοο-11.
595 3911 657 3975 ιρι.
685 3923 710 3957 κ.
741 3907 855 3958 τευ-ε.
890 3907 926 3956 φ.
950 3909 1048 3966 ιι-ε,
1124 3901 1400 3975 3)’1λ.Γ.143-5.

175 3999 204 4062 4)
223 3990 273 4048 οε.
292 3999 323 4048 Δ.
345 3999 476 4047 ενι-ετ.
536 3991 565 4064 5)
584 3987 627 4046 ἰι
648 3999 678 4044 ι’.
700 3997 762 4049 12⁵.
788 4000 852 4064 προ.
875 3997 935 4046 142.
961 3999 992 4046 z,
1015 3997 1076 4048 εεε.
1104 3999 1141 4046 x.
1163 3997 1225 4046 τοο.
1252 3998 1314 4060 τρο.
1336 3995 1401 4045 ιιο.

169 4081 222 4137 ὀε
247 4088 275 4136 υ.
296 4089 339 4137 εο.
358 4076 390 4136 ir.
412 4088 438 4135 6.
458 4088 522 4152 προ.
544 4086 573 4132 υ.
596 4085 657 4134 εον.
682 4087 713 4133 Y.
735 4086 796 4145 396,
818 4086 880 4138 τοι.
901 4089 964 4154 πρε.
986 4085 1018 4135 A.
1034 4086 1086 4136 τοο
1105 4084 1152 4136 ιιι
1171 4085 1204 4136 υ.
1221 4085 1282 4136 τεο.
1305 4083 1341 4131 ψ.
1357 4083 1401 4143 20,

174 4177 217 4227 τι.
275 4171 304 4244 ο)
323 4171 365 4224 τί.
387 4176 418 4222 z.
440 4173 554 4240 τοο-ι.
576 4163 626 4224 ὀυ
647 4173 680 4221 Α.
702 4173 816 4224 οιε-τ,
838 4175 899 4226 εεο.
918 4175 949 4224 Α.
966 4174 1080 4224 τιν-ε.
1104 4177 1133 4224 υ.
1150 4175 1210 4224 514.
1234 4174 1268 4224 ο.
1284 4172 1399 4223 εον-ι,

174 4265 236 4316 354,
276 4265 311 4312 Ψ.
333 4263 395 4312 292.
466 4256 575 4329 ὉΕεν.
598 4261 683 4312 οίκον.
711 4264 737 4324 9,
758 4263 785 4313 5.
854 4265 883 4328 8)
904 4259 1003 4319 Πολυδ.
1029 4264 1111 4328 όνομ.
1140 4264 1165 4322 1,
1187 4262 1230 4311 80.
1300 4255 1329 4328 9)
1348 4252 1400 4311 Όδ.

172 4354 202 4405 ν.
224 4353 266 4403 οε.
323 4345 369 4414 10)·
386 4341 449 4399 ὀν’
468 4352 498 4398 Δ.
521 4351 580 4400 τιν.
