3114 4810
813 187 854 254 58

218 355 306 426 Εἶτα
332 363 367 428 δὲ
389 358 408 449 ή
432 360 614 447 Πηνελόπη
635 362 816 446 δγερθεῖσα
833 361 869 424 ίκ
883 365 941 447 τῆς
956 367 993 426 έν
1008 365 1050 452 τῇ
1071 364 1320 442 γυναικωνίτιδι
1341 362 1449 446 ἔδρας

220 463 399 552 ἀναβαίνει
422 471 559 553 πρῶτον
582 467 631 544 εἰς
652 467 692 532 τὸ
724 465 898 552 ύπερῶον,
929 465 1015 532 ὅθεν
1037 467 1209 549 λαμβάνει
1231 474 1292 553 τήν
1314 469 1444 548 κλεῖδα,

218 575 307 654 μετὰ
338 577 374 639 δὲ
404 577 506 642 τούτο
538 577 720 658 καταβᾶσα
751 577 808 639 καὶ
839 573 896 638 διά
928 578 986 658 τῆς
1023 577 1294 657 γυναικωνίτιδος
1325 577 1373 652 εἰς
1404 573 1447 641 τὸ
1549 641 1550 658 ,

219 689 377 761 ταμιεῖον
400 686 613 767 πορευθεῖσα
637 680 807 764 λαμβάνει
837 679 876 745 τὸ
902 679 1003 754 τόξον
1033 685 1215 768 καὶφέρει
1246 689 1320 757 τοῖς
1348 689 1382 746 ἐν
1405 688 1448 775 τῇ

221 789 433 874 ἀνδρωνίτιδι
456 790 708 873 μνηστήρσινί).
745 785 819 852 ’Ότι
836 782 870 852 δ’
894 779 940 852 αύ
962 783 1154 872 ἀμφότεροι
1179 788 1211 852 ol
1229 788 1385 868 θάλαμοι
1409 796 1448 855 ἐν

220 903 270 978 τιβ
294 901 416 980 πέρατι
439 897 496 978 τῆς
521 894 628 970 οἰκίας
652 893 798 976 δκειντο,
829 899 886 960 καί
909 897 1011 960 τοῦτο
1036 892 1188 980 εύδηλον.
1235 895 1267 958 Ὁ
1290 900 1355 974 μὲν
1384 897 1449 980 γάρ

220 1001 395 1088 θησαυρὸς
419 1001 601 1088 διαρρήδην
624 1004 811 1084 ἐ’σχατος
834 1000 1134 1081 δπονομάζεταιῖ),
1160 998 1229 1064 όδδ
1245 1005 1313 1066 τῶν
1330 995 1448 1068 ὅπλων

224 1103 321 1172 ούδίν
343 1114 404 1188 μὲν
426 1112 586 1174 τοιοῦτον
609 1109 748 1192 λέγεται,
772 1108 1028 1189 ἐνθυμούμενος
1050 1113 1166 1189 μέντοι
1190 1103 1235 1182 ῶς
1252 1105 1443 1192 Τηλέμαχος

224 1217 278 1280 καί
302 1215 516 1295 Μελάνθιος,
541 1213 561 1280 ό
583 1221 644 1298 μὲν
666 1217 701 1280 ἐκ
725 1218 783 1300 τῆς
814 1211 925 1298 αύλής,
950 1211 968 1280 o‘
993 1216 1029 1278 δε
1051 1222 1088 1278 ἐκ
1115 1211 1174 1299 τῆς
1197 1211 1443 1299 ἀνδρωνίτιδος,

223 1321 381 1408 ἑκάτερος
404 1317 439 1386 δ’
463 1311 508 1386 αδ
531 1321 589 1387 διὰ
612 1328 680 1388 τῶν
711 1319 871 1406 ἀλλήλαις
899 1317 1136 1402 ἀντικειμένων
1158 1320 1295 1408 λαυρῶν
1314 1323 1363 1397 είς
1385 1322 1448 1388 τὸν

223 1423 373 1494 όπισθεν
395 1429 454 1514 τῆς
477 1430 581 1505 οἰκίας
603 1431 725 1515 χῶρον,
749 1433 796 1504 είς
819 1428 880 1492 τόν
902 1428 1018 1509 μυχόν,
1041 1426 1204 1504 ἐλθόντες
1227 1433 1284 1493 καί
1309 1429 1367 1492 διά
1391 1436 1450 1514 τῆς

222 1535 339 1600 διόδου
364 1535 575 1610 εἰσελθόντες
606 1532 699 1601 ὅπλα
730 1538 766 1610 ἐξ
796 1529 904 1599 αύτού
927 1534 1091 1614 ἐκόμισαν
1101 1541 1146 1615 ³),
1176 1538 1236 1598 καί
1265 1541 1390 1602 τοῦτον
1411 1543 1450 1601 δν
1550 1525 1551 1536 ἢ

222 1648 271 1725 τῷ
294 1649 415 1728 πέρατι
437 1644 495 1727 τῆς
519 1644 625 1718 οἰκίας
652 1649 780 1728 τίθημι.
827 1645 891 1706 Καὶ
916 1638 1004 1706 ὅπου
1028 1647 1089 1721 μὲν
1113 1641 1145 1705 οἰ
1168 1641 1327 1722 θάλαμοι
1351 1632 1451 1708 οὗτοι
1549 1637 1550 1648 ’

222 1750 368 1829 ἔκειντο,
399 1747 547 1834 εἴρηται·
580 1737 625 1825 ῶς
648 1752 683 1813 δὲ
706 1753 762 1812 καί
794 1750 1047 1828 διατεταγμένοι
1078 1746 1166 1811 κατὰ
1197 1747 1236 1813 τὸ
1261 1757 1367 1833 πέρας
1390 1753 1452 1834 τῆς

224 1859 332 1928 οἰκίας
354 1843 461 1938 ἦσαν,
492 1858 594 1920 τοῦτο
626 1858 688 1920 νῦν
718 1855 900 1942 εἰρήσεται.
947 1859 1050 1919 Δοκεῖ
1078 1877 1139 1933 μοι
1169 1860 1282 1919 τοίνυν
1304 1857 1359 1918 ἰπί
1383 1863 1453 1920 τοῦ

223 1965 339 2042 τοίχου
362 1966 420 2045 τῆς
442 1963 723 2043 γυναικωνίτιδος,
756 1958 793 2038 ὃς
815 1967 971 2026 ἐναντίον
993 1967 1050 2047 τῆς
1073 1967 1108 2024 ἐκ
1131 1969 1188 2046 τῆς
1212 1957 1450 2046 ἀνδρωνίτιδος

225 2065 361 2130 εἰσόδου
392 2073 506 2131 κεῖται
532 2067 645 2152 θύραν
676 2067 859 2155 ύπάρχειν,
892 2063 985 2150 ἄγειν
1016 2070 1051 2131 δὲ
1075 2063 1178 2152 αύτήν
1201 2067 1245 2152 μή
1268 2063 1373 2142 εύθύς
1398 2068 1451 2141 εἰς

224 2173 285 2238 τὸν
314 2173 430 2258 ἕτερον
460 2179 528 2239 τῶν
559 2175 747 2258 θαλάμων,
787 2172 864 2240 ἀλλ’
895 2175 942 2250 εἰς
974 2173 1092 2260 στενήν
1125 2175 1240 2238 δίοδον
1277 2173 1449 2260 προθύρῳ

165 2293 172 2308 “
225 2276 349 2352 ὁμοίαν
372 2285 429 2344 καὶ
451 2282 663 2347 τελευτῶσαν
686 2285 734 2358 εἰς
748 2290 867 2369 ἑτέραν
882 2282 1005 2368 θύραν,
1028 2277 1126 2366 ήδξω
1150 2285 1198 2356 είς
1221 2279 1282 2345 τὸν
1298 2277 1452 2345 όπισθεν
1549 2325 1550 2334 ¹

223 2390 281 2472 τῆς
306 2387 413 2462 οἰκίας
436 2393 491 2452 καί
515 2394 572 2472 τῆς
597 2386 700 2474 αύλής
723 2395 834 2476 χῶρον
863 2391 967 2474 φέρει.
1016 2393 1082 2472 Τής
1106 2389 1142 2451 δὲ
1166 2387 1302 2453 εἰσόδου
1326 2386 1453 2471 ταύτης

224 2498 436 2579 ἑκατέρωθεν
469 2495 501 2559 οἰ
532 2494 690 2576 θάλαμοι
720 2501 886 2574 κείμενοι,
919 2493 938 2558 ό
968 2500 1029 2573 μὲν
1059 2501 1098 2559 δν
1128 2497 1225 2576 δεξιᾷ
1254 2501 1303 2577 τῷ
1333 2501 1368 2566 δκ
1392 2498 1453 2580 τῆς

223 2601 494 2683 γυναικωνίτιδος
516 2601 650 2684 ἐξιόντι,
684 2600 704 2667 δ
728 2603 764 2666 δὲ
786 2603 823 2666 δν
846 2597 1020 2688 ἀριστερᾷ,
1049 2602 1189 2677 καὶτὰς
1213 2601 1369 2676 εἰσόδους
1393 2598 1451 2664 ἀλ-

224 2707 341 2794 λήλαις
365 2704 597 2789 ἀντικειμένας
619 2715 655 2773 ἐν
680 2704 766 2800 αύτή
789 2704 890 2791 εἶχον.
932 2704 982 2783 Ὡς
1006 2697 1067 2772 σύν
1090 2705 1161 2772 ἀπὸ
1186 2711 1243 2792 τῆς
1266 2707 1377 2792 θύρας
1394 2710 1452 2790 τῆς

224 2803 494 2899 γυναικωνίτιδος
517 2815 577 2901 τήν
602 2817 716 2882 δίοδον
740 2814 930 2901 ἀρχομένην
962 2815 1097 2902 ῥῶγας
1119 2814 1332 2899 μεγάροιο
1347 2810 1450 2897 Ὅμη-

225 2947 284 3008 ρος
300 2918 405 3007 αύτήν
428 2923 524 2987 καλεῖ
533 2928 579 3001 4)·
604 2921 645 2988 ού
667 2923 729 3010 γάρ
752 2922 860 3003 μόνον
882 2922 942 3008 τήν
965 2919 1176 3008 ἀνδρωνῖτιν,
1201 2918 1287 2986 ἀλλὰ
1310 2923 1366 2983 καί
1391 2919 1450 3004 τήν

225 3037 457 3111 γυναικωνῖτιν
481 3030 646 3106 πολλάκις
675 3035 822 3115 μέγαρον
848 3029 1066 3110 ἐπονομάζει.
1115 3029 1163 3094 Τὸ
1188 3031 1224 3092 δέ
1249 3023 1360 3106 όνομα
1385 3025 1448 3110 ῥῶξ

226 3138 261 3201 ἐν
283 3139 325 3226 τῇ
348 3133 434 3199 καθ’
457 3133 547 3220 ήμάς
570 3143 637 3202 τῶν
658 3136 819 3222 Ἑλλήνων
843 3139 939 3230 φωνή
962 3135 1037 3221 ῥού
1044 3159 1093 3220 γα
1117 3135 1297 3218 λεγόμενον
1320 3135 1373 3198 καί
1387 3135 1444 3195 νῦν

227 3244 277 3307 δτι
300 3241 339 3307 τὸ
357 3238 503 3328 ἀρχαῖον
519 3244 770 3330 σημαινόμενον
785 3247 861 3325 ἕχον
878 3241 1043 3308 διατελεῖ·
1067 3239 1121 3306 ἀεί
1135 3242 1197 3327 γάρ
1214 3241 1270 3305 ἰπί
1284 3242 1449 3325 βραχείας

227 3352 283 3412 καί
308 3356 425 3434 στενῆς
448 3351 563 3417 διόδου
587 3351 781 3438 τάσσεται.Ι
810 3351 850 3416 Αἱ
872 3353 908 3416 δὲ
936 3355 1003 3414 τῶν
1033 3349 1244 3444 ἑρμηνευτῶν
1274 3349 1351 3432 περί
1383 3347 1452 3410 τῶν

227 3454 339 3541 ῥωγῶν
361 3462 490 3537 γνῶμαι
513 3457 640 3523 πολλαί
664 3462 720 3523 καί
744 3459 968 3538 παντοδαπαὶἸ
998 3460 1054 3520 καί
1078 3455 1164 3540 πρὸς
1188 3449 1333 3539 ἀλλήλας
1357 3447 1453 3518 ἀντί-

227 3563 333 3626 παλοί
364 3567 439 3628 εἰσι.
487 3569 551 3630 Καί
582 3572 651 3630 τῶν
679 3571 740 3645 μὲν
763 3565 922 3630 παλαιῶν
954 3562 1301 3646 συγκεφαλαιοῦνται,
1332 3561 1367 3625 έν
1402 3551 1454 3636 οἷς

223 3665 379 3752 Ἦσύχιος
409 3671 445 3734 ἐν
475 3675 524 3754 τῷ
545 3671 663 3756 λεξικηῐ
688 3692 789 3758 φησι·
820 3677 968 3759 ωρὦγνς·
1001 3669 1036 3735 οῖ
1063 3673 1125 3748 μὲν
1155 3666 1215 3754 τήν
1239 3663 1453 3754 όρσοθόραν,

228 3777 262 3844 οῖ
284 3779 318 3842 δέ
341 3778 401 3862 τήν
423 3777 605 3860 ίκτομάδα,
630 3780 662 3844 οἰ
686 3781 721 3844 δὲ
744 3779 806 3856 τὰς
822 3779 979 3864 θυρίδας,
1004 3773 1103 3842 ἀλλοι
1125 3777 1188 3876 τὰς
1210 3775 1374 3854 κλίμακας
1395 3777 1454 3837 καί

228 3881 355 3961 αύτούς
376 3884 455 3960 τούς
478 3885 640 3966 βαθμούς
669 3889 737 3951 τῶν
767 3885 1005 3966 κλιμάκωνίίί).
1053 3888 1129 3950 Τῶν
1160 3885 1198 3948 δὲ
1225 3888 1395 3965 νεωτέρων
1420 3880 1454 3943 οἰ

318 4150 346 4223 1)
363 4150 416 4210 Ὀδ.
433 4159 465 4208 Υ.
487 4157 601 4209 387-9.
624 4157 661 4208 Φ.
682 4157 781 4208 5-65.
860 4155 888 4218 2)
907 4145 957 4208 Ὁδ.
979 4156 1015 4205 Φ.
1035 4156 1060 4205 9.
1147 4153 1174 4219 3)
1192 4143 1243 4203 ’Od-
1262 4149 1297 4203 X.
1320 4148 1454 4200 109-12.

229 4241 275 4294 καί
294 4245 407 4300 142-6.
461 4245 489 4308 4)
508 4239 559 4298 Ὀδ.
579 4248 617 4296 Χ.
639 4247 700 4296 143.
762 4243 789 4309 ὃ)
808 4243 899 4313 Ἡσυχ.
922 4243 953 4294 ἰν
971 4241 994 4294 λ.
1014 4241 1117 4313 ῥῶγας.
1138 4239 1189 4299 λεξ.
1210 4237 1312 4290 Ἅπαλλ.
1332 4241 1452 4306 Σοφιστ.

229 4331 285 4385 ιιι.
304 4335 363 4391 ιεο,
377 4336 420 4384 24.
448 4325 572 4386 εἰσεδυ.
592 4335 622 4385 ιι
639 4325 689 4384 ὀν
710 4334 842 4396 x.1222,
861 4335 887 4384 ε.
926 4331 1018 4384 εειιοι.
1038 4331 1131 4382 ιιιιει.
1151 4325 1206 4380 σει.
1227 4329 1289 4379 ειν.
